% Encoding: UTF-8
@String{AdP ={Annalen der Physik}}
@String{AdP ={Ann. Phys.}}

@String{ANE ={Annals of Nuclear Energy}}
@String{ANE ={Ann. Nucl. Energy}}

@String{APNUM ={Applied Numerical Mathematics}}
@String{APNUM ={Appl. Numer. Math.}}

@String{APA ={Applied Physics A-Materials Science \& Pricessing}}
@String{APA ={Appl. Phys. A-Mater.}}

@String{APL ={Applied Physics Letters}}
@String{APL ={Appl. Phys. Lett.}}

@String{ApJ ={Astrophysical Journal}}
@String{ApJ ={Astrophys. J.}}

@String{ApJL ={Astrophysical Journal Letters}}
@String{ApJL ={Astrophys. J. Lett.}}

@String{BAPS ={Bulletin of the American Physical Society}}
@String{BAPS ={B. Am. Phys. Soc.}}

@String{CPL ={Chinese Physics Letters}}
@String{CPL ={Chinese Phys. Lett.}}

@String{CPPCF ={Comments on Plasma Physics and Controlled Fusion}}
@String{CPPCF ={Comments Plasma Phys. Contr. Fusion}}

@String{CPC ={Computer Physics Communications}}
@String{CPC ={Comp. Phys. Commun.}}

@String{CaF ={Computers \& Fluids}}
@String{CaF ={Comput. Fluids}}

@String{CRP ={Comptes Rendus Physique}}
@String{CRP ={C. R. Phys.}}

@String{EPJD ={The European Physical Journal D}}
@String{EPJD ={Eur. Phys. J. D}}

@String{IEEEJQE ={IEEE Journal of Quantum Electronics}}
@String{IEEEJQE ={IEEE J. Quantum Elect.}}

@String{IEEETPS ={IEEE Transactions on Plasma Science}}
@String{IEEETPS ={IEEE T. Plasma Sci.}}

@String{IJCFD ={International Journal of Computational Fluid Dynamics}}
@String{IJCFD ={Int. J. Comput. Fluid D.}}

@String{IJNMF ={International Journal for Numerical Methods in Fluids}}
@String{IJNMF ={Int. J. Numer. Meth. Fl.}}

@String{JRLR ={Journal of Russian Laser Research}}
@String{JRLR ={J. Russ. Laser Res.}}

@String{HEDP ={High Energy Density Physics}}
@String{HEDP ={High Ener. Dens. Phy.}}

@String{JAP ={Journal of Applied Physics}}
@String{JAP ={J. Appl. Phys.}}

@String{JCP ={Journal of Computational Physics}}
@String{JCP ={J. Comput. Phys.}}

@String{JETP ={Journal of Experimental and Theoretical Physics}}
@String{JETP ={J. Exp. Theor. Phys.}}
@String{SPJETP ={Soviet Physics JETP-USSR}}
@String{SPJETP ={Sov. Phys. JETP-USSR}}

@String{JGRS ={Journal of Geophysical Research-Space Physics}}
@String{JGRS ={J. Geophys. Res.-Space}}

@String{JPCS ={Journal of Physics: Conference Series}}
@String{JPCS ={J. Phys. Conf. Se.}}

@String{JQSRT ={Journal of Quantitative Spectroscopy \& Radiative Transfer}}
@String{JQSRT ={J. Quant. Spectrosc. Ra.}}

@String{LPB ={Laser and Particle Beams}}
@String{LPB ={Laser Part. Beams}}

@String{MC ={Mathematics of Computation}}
@String{MC ={Math. Comput.}}
	
@String{MS ={Matematicheskii Sbornik}}
@String{MS ={Mat. Sbornik}}
	
@String{NJP ={New Journal of Physics}}
@String{NJP ={New J. Phys.}}

@String{NF ={Nuclear Fusion}}
@String{NF ={Nucl. Fusion}}

@String{NIMA ={Nuclear Instruments \& Methods in Physics Research Sextion A-Accelerators, Spectrometers, Detectors and Associated Equipment}}
@String{NIMA ={Nucl. Instrum. Meth. A}}

@String{NSE ={Nuclear Science and Engineering}}
@String{NSE ={Nucl. Sci. Eng.}}
	
@String{NATURE ={Nature}}
	
@String{OC ={Optics Communications}}
@String{OC ={Opt. Commun.}}

@String{PR ={Physical Review}}
@String{PR ={Phys. Rev.}}

@String{PRA ={Physical Review A}}
@String{PRA ={Phys. Rev. A}}

@String{PRB ={Physical Review B}}
@String{PRB ={Phys. Rev. B}}

@String{PRE ={Physical Review E}}
@String{PRE ={Phys. Rev. E}}

@String{PRL ={Physical Review Letters}}
@String{PRL ={Phys. Rev. Lett.}}

@String{PLA ={Physics Letters A}}
@String{PLA ={Phys. Lett. A}}

@String{PoF ={Physics of Fluids}}
@String{PoF ={Phys. Fluids}}

@String{PoFB ={Physics of Fluids B}}
@String{PoFB ={Phys. Fluids B}}

@String{PoP ={Physics of Plasmas}}
@String{PoP ={Phys. Plasmas}}

@String{PPCF ={Plasma Physics and Controlled Fusion}}
@String{PPCF ={Plasma Phys. Contr. F.}}

@String{PPR ={Plasma Physics Reports}}
@String{PPR ={Plasma Phys. Rep.}}

@String{PNE ={Progress in Nuclear Energy}}
@String{PNE ={Prog. Nucl. Energ}}
	
@String{RMP ={Reviews of Modern Physics}}
@String{RMP ={Rev. Mod. Phys.}}

@String{RSI ={Review of Scientific Instruments}}
@String{RSI ={Rev. Sci. Instrum.}}

@String{SINUM ={SIAM Journal on Numerical Analysis}}
@String{SINUM ={SIAM J. Numer. Anal.}}

@String{SCIENCE ={Science}}

@String{SISC ={SIAM Journal on Scientific Computing}}
@String{SISC ={SIAM J. Sci. Comput.}}
@String{SISS ={SIAM Journal on Scientific and Statistical Computing}}
@String{SISS ={SIAM J. Sci. Stat. Comp.}}

Naka sracka
@String{SP ={Scientific Programming}}
@String{SP ={Sci. Prog.}}

@String{SPD ={Soviet Physics-Doklady}}
@String{SPD ={Sov. Phys. Dokl.}}

@String{TTSP ={Transport Theory and Statistical Physics}}
@String{TTSP ={Transport Theor. Stat.}}

OSIRIC PIC 

@BOOK{OSIRIS,
  author = {Fonseca, R. A. and Silva, L. O. and Tsung, F. S. and Decyk, V. K. and Lu, W. and Ren, C. and Mori, W. B. and Deng, S.   and Lee, S. and Katsouleas, T. and Adam, J. C.},
  title = "{OSIRIS: A three-dimensional, fully relativistic particle in cell code for modeling plasma based accelerators}",
booktitle = {Lect Notes Comput Sc},
  year = {2002},
  volume = {2331},
  pages = {342-351},
  edition = {},
  publisher = {Springer Berlin, Heidelberg}
}

@Article{Vranic_ClassicalRR,
  title = {Classical radiation reaction in particle-in-cell simulations},
  author = {Vranic, M. and Martins, J. L. and Fonseca, R. A. and Silva, L. O.},
  journal = {Comput. Phys. Commun.},
  volume = {204},
  number = {},
  pages = {141-151},
  year = {2016},
  month = {},
  doi ={http://dx.doi.org/10.1016/j.cpc.2016.04.002},
  surl = {http://www.sciencedirect.com/science/article/pii/S001046551630090X},
  publisher = {Elsevier}
}

@article{Fonseca_scaling,
  author={Fonseca, R. A. and  Vieira, J. and Fiuza, F. and Davidson, A. and  Tsung, F.S. and Mori, W. B. and Silva, L. O.},
  title={Exploiting multi-scale parallelism for large scale numerical modelling of laser wakefield accelerators},
  journal=PPCF,
  volume={55},
  number={12},
  pages={124011},
  surl={http://stacks.iop.org/0741-3335/55/i=12/a=124011},
  year={2013}
}


Nonlocal transport relevant publications
@ARTICLE{SH_1953_2,
  author = {L. Spitzer, Jr. and R. Harm},
  title = {{Transport Phenomena in a Completely Ionized Gas}},
  journal = PR,
  year = {1953},
  volume = {89},
  optnumber = {5},
  pages = {977--981},
  optfile = {},
  owner = {holec},
  timestamp = {2015.23.10}
}

@ARTICLE{Malone_1975,
  author = {R. C. Malone and R. L. McCrory and R. L. Morse},
  title = {Indications of Strongly Flux-Limited Electron Thermal Conduction
  in Laser-Target Experiments},
  journal = PRL,
  year = {1975},
  volume = {34},
  pages = {721-724},
  optfile = {},
  owner = {holec},
  timestamp = {2016.19.09}
}

@ARTICLE{Rosen_PoF1979,
  author = {M. D. Rosen and D. W. Phillion and V. C. Rupert and W. C. Mead and W. L. Kruer and J. J. Thomson and H. N. Kornblum V. W. Slivinsky and G. J. Caporaso and M. J. Boyle and K.G. Tirsell},
  title = {{The Interaction of 1.06 micron Laser Radiation with High Z Targets}},
  journal = PoF,
  year = {1979},
  volume = {22},
  optnumber = {},
  pages = {2020},
  timestamp = {2017.25.1}
}

@ARTICLE{Sunahara_PRL2003,
  author = {A. Sunahara and J. A. Delettrez and C. Stoeckl and R. W. Short and S. Skupsky},
  title = {{Time-Dependent Electron Thermal Flux Inhibition in Direct-Drive Laser Implosions}},
  journal = PRL,
  year = {2003},
  volume = {91},
  optnumber = {9},
  pages = {095003},
  timestamp = {2017.25.1}
}

@ARTICLE{Colombant_PoP2005,
  author = {D. G. Colombant and W. M. Manheimer and M. Busquet},
  title = {Test of models for electron transport in laser produced plasmas},
  journal = PoP,
  volume = {12},
  optnumber = {},
  pages = {072702},
  year = {2005},
  optfile = {},
  owner = {holec},
  timestamp = {2017.25.1}
}

@ARTICLE{Bell_PRL1981,
  author = {A. R. Bell and R. G. Evans and D. J. Nicholas},
  title = {Elecron Energy Transport in Steep Temperature Gradients in Laser-Produced Plasmas},
  journal = PRL,
  year = {1981},
  volume = {46},
  optnumber = {4},
  pages = {243-246},
  timestamp = {2017.25.1}
}

@ARTICLE{Matte_1982_86,
  author = {J. P. Matte and J. Virmont},
  title = {Electron Heat Transport down Steep Temperature
  Gradients},
  journal = PRL,
  volume = {49},
  optnumber = {26},
  pages = {1936-1939},
  year = {1982},
  optfile = {},
  owner = {holec},
  timestamp = {2015.23.10}
}

@ARTICLE{LMV_1983_7,
  author = {J. F. Luciani and P. Mora and J. Virmont},
  title = {Nonlocal Heat Transport Due to Steep Temeperature Gradients},
  journal = PRL,
  year = {1983},
  volume = {51},
  optnumber = {18},
  pages = {1664-1667},
  optfile = {},
  owner = {},
  timestamp = {2015.23.10}
}

@ARTICLE{AWBS_PRL1986,
  author = {J. R. Albritton and E. A. Williams and I. B. Bernstein},
  title = {Nonlocal Electron Heat Transport by Not Quite Maxwell-Boltzmann Distributions},
  journal = PRL,
  year = {1986},
  volume = {57},
  optnumber = {15},
  pages = {1887-1890},
  timestamp = {2017.25.1}
}

@ARTICLE{BLM_PoF1988,
  author = {A. Bendib and J. F. Luciani and J. P. Matte},
  title = {An improvement of the nonlocal heat flux
  formula},
  journal = PoF,
  year = {1988},
  volume = {31},
  optnumber = {4},
  pages = {711-713},
  timestamp = {2017.25.1}
}

@ARTICLE{Prasad_PoFB1989,
  author = {M. K. Prasad and D. S. Kershaw},
  title = {Nonviability of some nonlocal electron heat transport modeling},
  journal = PoFB,
  year = {1989},
  volume = {1},
  optnumber = {12},
  pages = {2430-2436},
  timestamp = {2017.25.1}
}

@ARTICLE{Epperlein_PoFB1991,
  author = {E. M. Epperlein and R. W. Short},
  title = {A practical nonlocal model for electron heat transport
  in laser plasmas},
  journal = PoFB,
  year = {1991},
  volume = {3},
  optnumber = {11},
  pages = {3092-3098},
  timestamp = {2017.25.1}
}

@ARTICLE{Bychenkov_PRL1995,
  author = {V.Yu. Bychenkov, W. Rozmus, V.T. Tikhonchuk},
  title = {Nonlocal Electron Transport in a Plasma},
  journal = PRL,
  year = {1995},
  volume = {75},
  optnumber = {24},
  pages = {4405-4408},
  timestamp = {2017.25.1}
}

@ARTICLE{Weber_LPB2004,
  author = {S. Weber and G. Riazuelo and P. Michel and R. Loubere and F. Walraet and V. T. Tikhonchuk and V. Malka J. Ovadia and G. Bonnaud},
  title = {Modeling of laser–plasma interaction on hydrodynamic
  scales: Physics development and comparison
  with experiments},
  journal = LPB,
  year = {2004},
  volume = {22},
  optnumber = {},
  pages = {189-195},
  timestamp = {2017.25.1}
}

@ARTICLE{Castillo_PoP2006,
  author = {D. del-Castillo-Negrete},
  title = {Fractional diffusion models of nonlocal transport},
  journal = PoP,
  year = {2006},
  volume = {13},
  optnumber = {},
  pages = {082308},
  timestamp = {2017.25.1}
}

@ARTICLE{Schurtz_2000,
  author = {G.P. Schurtz and P.D. Nicolai and M. Busquet},
  title = {A nonlocal electron conduction model for multidimensional radiation hydrodynamics codes},
  journal = PoP,
  year = {2000},
  volume = {7},
  pages = {4238-4249},
  optfile = {},
  owner = {holec},
  timestamp = {2015.23.10}
}

@ARTICLE{Nicolai_PoP2006,
  author = {Ph. D. Nicolai and J.-L. A. Feugeas and G. P. Schurtz},
  title = {A practical nonlocal model for heat transport in magnetized laser plasmas},
  journal = PoP,
  year = {2006},
  volume = {13},
  optnumber = {},
  pages = {032701},
  timestamp = {2017.25.1}
}

@ARTICLE{Schurtz_2007,
  author = {G. Schurtz and S. Gary and S. Hulin and C. Chenais-Popovics and J.-C. Gauthier and F. Thais and J. Breil and F. Durut and J.-L. Feugeas and P.-H. Maire and P. Nicolaï and O. Peyrusse and C. Reverdin and G. Soullié and V. Tikhonchuk and B. Villette and C. Fourment},
  title = {Revisiting Nonlocal Electron-Energy Transport in Inertial-Fusion Conditions},
  journal = PRL,
  year = {2007},
  volume = {98},
  pages = {095002},
  optfile = {},
  owner = {holec},
  timestamp = {2016.22.09}
}

@ARTICLE{Goncharov_2006,
  author = { V. N. Goncharov and O. V. Gotchev and E. Vianello and T. R. Boehly and J. P. Knauer and P. W. McKenty and P. B. Radha and S. P. Regan and T. C. Sangster and S. Skupsky and V. A. Smalyuk and R. Betti and R. L. McCrory and D. D. Meyerhofer4 and C. Cherfils-Clérouin},
  title = {Early stage of implosion in inertial confinement fusion: Shock timing and perturbation evolution},
  journal = PoP,
  year = {2006},
  volume = {13},
  pages = {012702},
  optfile = {},
  owner = {holec},
  timestamp = {2016.19.09}
}

@ARTICLE{Manheimer_PoP2008,
  author = {W. Manheimer and D. Colombant and V. Goncharov},
  title = {{The development of a Krook model for nonlocal transport in laser produced plasmas. I. Basic theory}},
  journal = PoP,
  year = {2008},
  volume = {15},
  optnumber = {8},
  pages = {083103},
  timestamp = {2017.25.1}
}

@ARTICLE{Touati_2014,
  author = {M. Touati and J.-L. Feugeas and Ph. Nicolai and J.J. Santos and
  L. Gremillet and V. Tikhonchuk},
  title = {A reduced model for relativistic electron beam transport in
  solids and dense plasmas},
  journal = NJP,
  year = {2014},
  volume = {16},
  optnumber = {7},
  pages = {073014},
  optfile = {},
  owner = {holec},
  timestamp = {2016.30.08}
}

@ARTICLE{Sorbo_2015,
  author = {D. Del Sorbo and J.-L. Feugeas and Ph. Nicolai and M. Olazabal-Loume and B. Dubroca and S. Guisset and M. Touati and V. Tikhonchuk},
  title = {Reduced entropic model for studies of multidimensional nonlocal
  transport in high-energy-density plasmas},
  journal = PoP,
  year = {2015},
  volume = {22},
  optnumber = {},
  pages = {082706},
  optfile = {},
  owner = {holec},
  timestamp = {2016.30.08}
}

@ARTICLE{Sorbo_2016,
  author = {D. Del Sorbo and J.-L. Feugeas and Ph. Nicolai and M. Olazabal-Loume and B. Dubroca and V. Tikhonchuk},
  title = {Extension of a reduced entropic model of electron transport
  to magnetized nonlocal regimes of high-energy-density
  plasmas},
  journal = LPB,
  year = {2016},
  volume = {34},
  optnumber = {3},
  pages = {412-425},
  optfile = {},
  owner = {holec},
  timestamp = {2016.30.08}
}

@ARTICLE{Dubroca_2010,
  author = {B. Dubroca and J.-L. Feugeas and M. Frank},
  title = {Angular moment model for the Fokker-Planck equation},
  journal = EPJD,
  year = {2010},
  volume = {60},
  optnumber = {2},
  pages = {301-307},
  optfile = {},
  owner = {holec},
  timestamp = {2016.30.08}
}

@ARTICLE{Goncharov_2008,
  author = { V. N. Goncharov and T. C. Sangster and P. B. Radha and R. Betti and T. R. Boehly and T. J. B. Collins and R. S. Craxton and J. A. Delettrez and R. Epstein and V. Yu. Glebov and S. X. Hu and I. V. Igumenshchev and J. P. Knauer and S. J. Loucks and J. A. Marozas and F. J. Marshall and R. L. McCrory and P. W. McKenty and D. D. Meyerhofer and S. P. Regan and W. Seka and S. Skupsky and V. A. Smalyuk and J. M. Soures and C. Stoeckl and D. Shvarts and J. A. Frenje and R. D. Petrasso and C. K. Li and F. Seguin and W. Manheimer and D. G. Colombant},
  title = {Performance of direct-drive cryogenic targets on OMEGA},
  journal = PoP,
  year = {2008},
  volume = {15},
  pages = {056310},
  optfile = {},
  owner = {holec},
  timestamp = {2016.19.09}
}

@ARTICLE{Milchberg_PRL1988,
  author = {H. M. Milchberg and R. R. Freeman and S. C. Davey},
  title = {Resistivity of a Simple Metal from Room Temperature to 1e6 K},
  journal = PRL,
  year = {1988},
  volume = {61},
  optnumber = {20},
  pages = {2364-2367},
  timestamp = {2017.25.2}
}

@ARTICLE{,
  author = {},
  title = {},
  journal = PRL,
  year = {},
  volume = {},
  optnumber = {},
  pages = {},
  timestamp = {2017.25.1}
}

@ARTICLE{,
  author = {},
  title = {},
  journal = PRL,
  year = {},
  volume = {},
  optnumber = {},
  pages = {},
  timestamp = {2017.25.1}
}

@ARTICLE{,
  author = {},
  title = {},
  journal = PRL,
  year = {},
  volume = {},
  optnumber = {},
  pages = {},
  timestamp = {2017.25.1}
}

@ARTICLE{,
  author = {},
  title = {},
  journal = PRL,
  year = {},
  volume = {},
  optnumber = {},
  pages = {},
  timestamp = {2017.25.1}
}

@ARTICLE{,
  author = {},
  title = {},
  journal = PRL,
  year = {},
  volume = {},
  optnumber = {},
  pages = {},
  timestamp = {2017.25.1}
}

@ARTICLE{,
  author = {},
  title = {},
  journal = PRL,
  year = {},
  volume = {},
  optnumber = {},
  pages = {},
  timestamp = {2017.25.1}
}

@BOOK{Ashcroft_Book1976,
  author = {N. W. Ashcroft and N. D. Mermin},
  booktitle = {Solid State Physics},
  year = {1976},
  volume = {},
  pages = {},
  edition = {},
  publisher = {Saunders College, Philadelphia}
}

@Online{greenspan1996,
  author = {Greenspan, Alan},
  title = {The Challenge of Central Banking in a Democratic Society},
  date = {1996-12-05},
  url = {http://www.federalreserve.gov/boarddocs/speeches/1996/19961205.htm},
  note = {Remarks by Chairman Alan Greenspan at the Annual Dinner and Francis Boyer Lecture of The American Enterprise Institute for Public Policy Research, Washington, D.C.},
  urldate =      {2013-06-20}
}

@Online{ELIBeamlines_lasers,
  author = { B. Rus and P. Bakule and D. Kramer and J. Naylon and J. Thoma and J. T. Green and R. Antipenkov and M. Fibrich and J. Novak and F. Batysta and T. Mazanec and M. A. Drouin and K. Kasl and R. Base and D. Peceli and L. Koubikova and P. Trojek and R. Boge and J. C. Lagron and S. Vyhlidka and J. Weiss and J, Cupal and J. Hrebicek and P. Hribek and M. Durak and J. Polan and M. Koselja and G. Korn and M. Horacek and J. Horacek and B. Himmel and T. Havlíček and A. Honsa and P. Korouš and M. Laub and C. Haefner and A. Bayramian and T. Spinka and C. Marshall and G. Johnson and S. Telford and J. Horner and B. Deri and T. Metzger and M. Schultze and P. Mason and K. Ertel and A. Lintern and J. Greenhalgh and C. Edwards and C. Hernandez-Gomez and J. Collier and T, Ditmire and E. Gaul and M. Martinez and C. Frederickson  and D. Hammond  and C. Malato and W. White and J. Houzvicka},
  title = {ELI-Beamlines: development of next generation short-pulse laser systems},
  date = {2015-12-06},
  url = {http://dx.doi.org/10.1117/12.2184996},
  note = {Proc. SPIE 9515, Research Using Extreme Light: Entering New Frontiers with Petawatt-Class Lasers {II}, 951501},
  urldate = {2016-12-09}
}

@misc{ELIBeamlines,
  title={The~Extreme Light Infrastructure project {ELI}},
    howpublished={\url{http://www.eli-beams.eu}}
}

@Online{Holec_IACM2014,
  author = {M. Holec and R. Liska and J. Limpouch and S. Weber},
  title = {Discontinuous {G}alerkin Method for inherent coupling of radiation transport and hydrodynamics},
  date = {2014-25-07},
  url = {http://www.wccm-eccm-ecfd2014.org/frontal/default.asp},
  note = {Presented at the 6th. European Conference on Computational Fluid Dynamics (ECFD VI) , Barcelona, Spain},
  urldate = {2016-12-09}
}

@Online{Holec_PANACM2015,
  author = {M. Holec and M. Cotelo and P. Velarde and R. Liska},
  title = {Application of Discontinuous {G}alerkin Adaptive Mesh and Order Refinement Method to Energy Transport and Conservation Equation in Radiation-Hydrodynamics},
  date = {2015-27-04},
  url = {http://congress.cimne.com/PANACM2015/frontal/default.asp},
  note = {Presented at the 1st. Pan American Congresses on Computational Mechanics (PANACM 2015), Buenos Aires, Argentina},
  urldate = {2016-12-09}
}

@Online{Holec_MultiMat2015,
  author = {M. Holec and R. Liska and S. Weber},
  title = {On Nonlocal Transport Based Closure Relations for Radiation Hydrodynamics},
  date = {2015-09-09},
  url = {https://www.multimat.math.tu-dortmund.de},
  note = {Presented at the seventh International Conference on Numerical Methods for Multi-Material Fluid Flow (MULTIMAT 2015), Wurzburg, Germany},
  urldate = {2016-12-09}
} 

@Online{Holec_DDFIW2016,
  author = {M. Holec and J. Limpouch and R. Liska and S. Weber},
  title = {Nonlocal energy transport effect in radiation hydrodynamics simulations of intense laser pre-pulse interaction with solid targets},
  date = {2016-09-06},
  url = {https://ddfiw2016.sciencesconf.org},
  note = {Presented at the 12th Direct Drive and Fast Ignition Workshop (DDFIW2016), Talance, France},
  urldate = {2016-22-09}
}

@Online{Holec_ESCO2016,
  author = {M. Holec and R. Liska and S. Weber},
  title = {Discontinuous {G}alerkin High-Order Nonlocal Transport and Energy Equations
  Scheme for Radiation-Hydrodynamics},
  date = {2016-09-06},
  url = {http://www.esco2016.femhub.com},
  note = {Presented at the 5th European Seminar on Computing (ESCO 2016), Pilsen, Czech Republic},
  urldate = {2016-12-09}
}

@Online{Holec_EPS2016,
  author = {M. Holec and J. Limpouch and R. Liska and S. Weber},
  title = {Nonlocal energy transport effect in radiation hydrodynamics simulations of intense laser pre-pulse physics},
  date = {2016-04-07},
  url = {http://kuleuvencongres.be/eps2016},
  note = {Presented at the 43rd European Physical Society Conference on Plasma Physics (EPS 2016), Leuven, Belgium},
  urldate = {2016-12-09}
}

@MASTERSTHESIS{Silar-bakalarka-08,
  author = {Jan \v{S}ilar},
  title = {Hydrodynamic modeling of laser plasma},
  school = {Czech Technical University in Prague},
  year = {2008},
  type = {Bachelor thesis},
  file = {:usr/home/v1/kucharik/scratch/papers/Liska/bakalarka_Silar.pdf:PDF},
  timestamp = {2011.05.17}
}

@MASTERSTHESIS{Holec_doctoral_thesis,
  author = {Milan Holec},
  title = {Numerical modeling of nonlocal energy transport in laser-heated plasmas},
  school = {Czech Technical University in Prague},
  year = {2016},
  type = {Doctoral thesis},
  note = {{http://hdl.handle.net/10467/68302}}
}

@TECHREPORT{Abdallah_etal-SESAME_in_hydro-TechRep-80,
  author = {J. Abdallah and G. I. Kerley and B. I. Bennett and J. D. Johnson
	and R. C. Albert and W. F. Huebner},
  title = {{HYDSES}: a subroutine package for using {SESAME} in hydrodynamic
	codes},
  institution = {{L}os {A}lamos {N}ational {L}aboratory, {L}os {A}lamos, {NM}},
  year = {1980},
  number = {{LA-8209}},
  timestamp = {2016.29.08}
}

@TECHREPORT{SESAME_Bennett_1978,
  author = {B.I. Bennett and J.D. Johnson and G.I. Kerley and G.T. Rood},
  title = {},
  institution = {{L}os {A}lamos National Laboratory, {L}os {A}lamos, {NM}},
  year = {1978},
  number = {{LA-7130}},
  timestamp = {2016.20.11}
}

@TECHREPORT{T4_SESAME_83,
  author = {T4 Group},
  title = {{SESAME} Report on the {L}os {A}lamos Equation-of-State Library},
  institution = {{L}os {A}lamos National Laboratory, {L}os {A}lamos},
  year = {1983},
  number = {Tech. Rep. {LALP-83-4}},
  timestamp = {2016.29.08}
}

@TECHREPORT{Lyon_SESAME_EOS_database-TechRep-92,
  author = {S. P. Lyon and J. D. Johnson},
  title = {{SESAME}: The {L}os {A}lamos National Laboratory Equation Of State database},
  institution = {{L}os {A}lamos National Laboratory, {L}os {A}lamos},
  year = {1992},
  number = {{LA-UR-92-3407}},
  timestamp = {2016.29.08}
}

@article{BADGER_2012,
    author = {T.A. Heltemes and G.A. Moses},
	journal = CPC,
	optmonth = dec,
	optnumber = {12},
	pages = {2629--2646},
	posted-at = {2012-10-13 16:23:47},
	title = {{BADGER} v1.0: A Fortran equation of state library},
	volume = {183},
	year = {2012}
}

@article{Fraussurier_2008,
    author = {G. Faussurier and C. Blancard and P. Renaudin},
	journal = CPC,
	optmonth = oct,
	optnumber = {3-4},
	pages = {114--123},
	title = {{Equation of state of dense plasmas
	using a screened-hydrogenic model with l-splitting}},
	volume = {4},
	year = {2008}
}

@article{QEOS_1988,
    author = {R.M. More and K.H. Warren and D.A. Young and G.B. Zimmerman},
	journal = PoF,
	pages = {3059-3078},
	title = {A new quotidian equation of state ({QEOS}) for hot dense matter},
	volume = {31},
	year = {1988}
}

@article{HotEOS_1998,
    author = {A. Kemp and J. Meyer-ter-Vehn},
	journal = NIMA,
	pages = {674--676},
	title = {An equation of state code for hot dense matter,
	         based on the {QEOS} description},
	volume = {415},
	year = {1998}
}

@MISC{Adamek-Kapin-etal-ECLIM-Poster06,
  author = {P. Adamek and T. Kapin and M. Kucharik and R. Liska and J. Limpouch
	and M. Sinor},
  title = {Hydrodynamic simulations of laser interactions with foam targets},
  howpublished = {Poster at 29th ECLIM, Madrid, June 11-16},
  year = {2006},
  booktitle = {29th ECLIM, Madrid, June 11-16, 2006},
  optannote = {ABSTRACT, PROCEEDINGS ???},
  timestamp = {2009.03.26}
}

@ARTICLE{Klimo_etal-Shock_ignition-PoP-11,
  author = {O. Klimo and V.T. Tikhonchuk and X. Ribeyre and G. Schurtz and C.
	Riconda and S. Weber and J. Limpouch},
  title = {Laser plasma interaction studies in the context of shock ignition-{Transition}
	from collisional to collisionless absorption},
  journal = PoP,
  year = {2011},
  volume = {18},
  pages = {082709},
  number = {8},
  file = {:/usr/home/v1/kucharik/scratch/papers/Limpouch/Klimo_etal-Shock_ignition-PoP-11.pdf:PDF},
  owner = {kucharik},
  timestamp = {2013.09.09}
}

@ARTICLE{Berger_Colella-Local_AMR_for_shock_hydrodynamics,
  author = {M.J. Berger and P. Colella},
  title = {Local Adaptive Mesh Refinement for shock hydrodynamics},
  journal = JCP,
  year = {1989},
  volume = {82},
  pages = {64-84},
  OPTnumber = {8},
  file = {:/usr/home/v1/kucharik/scratch/papers/Limpouch/Klimo_etal-Shock_ignition-PoP-11.pdf:PDF},
  owner = {kucharik},
  timestamp = {2013.09.09}
}

@ARTICLE{Ogando-Development_of_a_radiation_transport_fluid_dynamic_code_AMR,
  author = {F. Ogando and P. Velarde},
  title = {Development of a radiation transport fluid dynamic code under {AMR} scheme},
  journal = JQSRT,
  year = {2001},
  volume = {71},
  pages = {541-550},
  OPTnumber = {8},
  file = {:/usr/home/v1/kucharik/scratch/papers/Limpouch/Klimo_etal-Shock_ignition-PoP-11.pdf:PDF},
  owner = {kucharik},
  timestamp = {2013.09.09}
}

@ARTICLE{Gonzales-2D_numerical_comparison_between_Sn_and_M1,
  author = {M. Gonzales and C. Garcia-Fernandez and P. Velarde},
  title = {{2D} numerical comparison between {Sn} and {M1} radiation transport methods},
  journal = JQSRT,
  year = {2009},
  volume = {36},
  pages = {886-895},
  OPTnumber = {8},
  file = {:/usr/home/v1/kucharik/scratch/papers/Limpouch/Klimo_etal-Shock_ignition-PoP-11.pdf:PDF},
  owner = {kucharik},
  timestamp = {2013.09.09}
}

@ARTICLE{Su_Olson-Analytical_benchmark_for_non-equilibrium_radiative_transfer,
  author = {B. Su and G. Olson},
  title = {An analytical benchmark for non-equilibrium radiative transfer in an isotropically scattering medium},
  journal = ANE,
  year = {1997},
  volume = {24},
  number = {13},
  pages = {1035-1055},
  owner = {kucharik},
  timestamp = {2013.09.09}
}

@ARTICLE{Dykema_Klein_Castor-2D_Lagrangian_Variable_Tensor_Method_with_Discontinuous_Finite-Element_SN_Transport,
  author = {P. G. Dykema and R. I. Klein and J. I. Castor},
  title = {A New Scheme for Multidimensional Line Transfer. {III}. A Two-dimensional {L}agrangian Variable Tensor Method with Discontinuous Finite-Element {SN} Transport},
  journal = ApJ,
  year = {1996},
  volume = {457},
  optnumber = {},
  pages = {892},
  owner = {kucharik},
  timestamp = {2013.09.09}
}

@ARTICLE{Treacy_1969,
  author = {E.B. Treacy},
  title = {Optical Pulse Compression With Diffraction Gratings},
  journal = IEEEJQE,
  year = {1969},
  volume = {QE-5},
  optnumber = {},
  pages = {454-458},
  timestamp = {2016.16.11}
}

@ARTICLE{Strickland_1985,
  author = {D. Strickland and G. Mourou},
  title = {Compression of amplified chirped optical pulses},
  journal = OC,
  year = {1985},
  volume = {56},
  optnumber = {},
  pages = {219},
  timestamp = {2016.16.11}
}

@ARTICLE{Dubietis_1992,
  author = {A. Dubietis},
  title = {},
  journal = OC,
  year = {1992},
  volume = {88},
  optnumber = {},
  pages = {433},
  timestamp = {2016.16.11}
}

@ARTICLE{Ross_1997,
  author = {I.N. Ross},
  title = {},
  journal = OC,
  year = {1997},
  volume = {144},
  optnumber = {},
  pages = {125},
  timestamp = {2016.16.11}
}

@ARTICLE{Esirkepov_2014,
  author = {T.Zh. Esirkepov and J. Koga and A. Sunahara and T. Morita and M. Nishikino and K. Kageyama and H. Nagatomo and K. Nishihara and  A. Sagisaka and H. Kotaki and T. Nakamura and Y. Fukuda and H. Okada and A.S. Pirozhkov and A. Yogo and M. Nishiuchi and H. Kiriyama and K. Kondo and M. Kando and S.V. Bulanov},
  title = {Prepulse and amplified spontaneous emission effects on the interaction of a petawatt class laser with thin solid targets},
  journal = NIMA,
  year = {2014},
  volume = {745},
  optnumber = {},
  pages = {150-163},
  timestamp = {2016.17.11}
}

@ARTICLE{Esirkepov_2004,
  author = {T. Utsumi and  K. Matsukado and H. Daido and T.Z. Esirkepov and S.V. Bulanov},
  title = {Numerical simulation of melting and evaporation of a cold foil target irradiated by a pre-pulse},
  journal = APA,
  year = {2004},
  volume = {79},
  optnumber = {},
  pages = {1185},
  timestamp = {2016.17.11}
}

@ARTICLE{Flacco_2008,
  author = {A. Flacco and A. Guemnie-Tafo and R. Nuter and M. Veltcheva and D. Batani and E. Lefebvre and V. Malka},
  title = {Characterization of
  a controlled plasma expansion in vacuum for laser driven ion acceleration},
  journal = JAP,
  year = {2008},
  volume = {104},
  optnumber = {},
  pages = {103304},
  timestamp = {2016.16.11}
}

@ARTICLE{Carroll_2009,
  author = {D. C. Carroll and D. Batani and R. G. Evans and Y. Glinec and C. Homann
  and R. Jafer and S. Kar and F. Lindau and O. Lundh and K. Markey and D. Neely
  and F. N\"{u}rnberg and A. Persson and M. N. Quinn and A.P.L. Robinson and M. Roth
  and C.-G. Wahlstr\"{o}m and X. Yuan and M. Zepf and P. McKenna},
  title = {Dynamic control and enhancement of laser-accelerated protons
  using multiple laser pulses},
  journal = CRP,
  year = {2009},
  volume = {10},
  optnumber = {},
  pages = {188--196},
  timestamp = {2016.17.11}
}

@ARTICLE{McKenna_2008,
  author = {P. McKenna and D.C. Carroll and O. Lundh and K. Markey and S. Bandyopadhyay and D. Batani and R.G. Evans and R. Jafer and  S. Kar and D. Neely and M.N. Quinn and R. Redaelli},
  title = {Effects of front surface plasma expansion on proton acceleration
  in ultraintense laser irradiation of foil targets},
  journal = LPB,
  year = {2008},
  volume = {26},
  optnumber = {},
  pages = {591-596},
  timestamp = {2016.17.11}
}

@ARTICLE{Guillot_1999,
  author = {T. Guillot},
  title = {Review: Interiors of giant planets inside and outside the Solar System},
  journal = SCIENCE,
  year = {1999},
  volume = {286},
  optnumber = {},
  pages = {72-77},
  timestamp = {2016.17.11}
}

@ARTICLE{Nuckolls_1972,
  author = {J. Nuckolls and L. Wood and A. Thiessen and G. Zimmerman},
  title = {},
  journal = NATURE,
  year = {1972},
  volume = {239},
  optnumber = {},
  pages = {139},
  timestamp = {2016.17.11}
}

@ARTICLE{McCrory_2005,
  author = {R.L. McCrory and et al},
  title = {},
  journal = NF,
  year = {2005},
  volume = {45},
  optnumber = {},
  pages = {S283},
  timestamp = {2016.17.11}
}

@ARTICLE{Hansons_2011,
  author = {D.E. Hanson L.A. Collins and J.D. Kress and M.P. Desjaslais},
  title = {},
  journal = PoP,
  year = {2011},
  volume = {18},
  optnumber = {},
  pages = {082704},
  timestamp = {2016.17.11}
}

@ARTICLE{Driver_2012,
  author = {K.P. Driver and B. Militzer},
  title = {},
  journal = PRL,
  year = {2012},
  volume = {108},
  optnumber = {},
  pages = {115502},
  timestamp = {2016.17.11}
}

@ARTICLE{Saumon_2012,
  author = {D. Saumon and C.E. Starrett and J. Kress and J. Clerouin},
  title = {},
  journal = HEDP,
  year = {2012},
  volume = {8},
  optnumber = {},
  pages = {150},
  timestamp = {2016.17.11}
}

@ARTICLE{Fortney_2009,
  author = {J.J. Fortney and et al},
  title = {},
  journal = PoP,
  year = {2009},
  volume = {16},
  optnumber = {},
  pages = {041003},
  timestamp = {2016.17.11}
}

@ARTICLE{Stanley_2004,
  author = {S. Stanley and J. Bloxham},
  title = {},
  journal = NATURE,
  year = {2004},
  volume = {428},
  optnumber = {},
  pages = {},
  timestamp = {2016.17.11}
}

@ARTICLE{Militzer_2008,
  author = {B. Militzer and et al},
  title = {},
  journal = ApJL,
  year = {2008},
  volume = {688},
  optnumber = {},
  pages = {L45},
  timestamp = {2016.17.11}
}

@ARTICLE{Mattsson_2010,
  author = {T.R. Mattssoni and et al},
  title = {},
  journal = PRB,
  year = {2010},
  volume = {81},
  optnumber = {},
  pages = {054103},
  timestamp = {2016.17.11}
}

@ARTICLE{Knudson_2008,
  author = {M.D. Knudson and M.P. Desjarlais and D.H. Dolan},
  title = {},
  journal = SCIENCE,
  year = {2008},
  volume = {322},
  optnumber = {},
  pages = {1822},
  timestamp = {2016.17.11}
}

@ARTICLE{Lambert_2012,
  author = {F. Lambert and V. Recoules},
  title = {},
  journal = PRE,
  year = {2012},
  volume = {86},
  optnumber = {},
  pages = {026405},
  timestamp = {2016.17.11}
}

@ARTICLE{Wang_2005,
  author = {X. Wang and S. Scandolo and R. Car},
  title = {},
  journal = PRL,
  year = {2005},
  volume = {95},
  optnumber = {},
  pages = {185701},
  timestamp = {2016.17.11}
}

@ARTICLE{Benedict_2014,
  author = {X.L. Benedict and et al},
  title = {},
  journal = PRL,
  year = {2014},
  volume = {89},
  optnumber = {},
  pages = {224109},
  timestamp = {2016.17.11}
}

@ARTICLE{Boehly_1997,
  author = {T.R. Boehly and et al},
  title = {},
  journal = OC,
  year = {1997},
  volume = {133},
  optnumber = {},
  pages = {495},
  timestamp = {2016.17.11}
}

@ARTICLE{Falk_2014,
  author = {K. Falk and et al},
  title = {Quantitative analysis of treatment process time and throughput capacity for spot scanning proton therapy},
  journal = PoP,
  year = {2014},
  volume = {21},
  optnumber = {},
  pages = {056309},
  timestamp = {2016.17.11}
}

@ARTICLE{Falk_2016,
  author = {K. Falk and C.L. Fryer and E.J. Gamboa and C.W. Greeff and H.M. Johns and D.W. Schmidt and M. Smid and J.F. Benage and D.S. Montgomery},
  title = {X-ray Thomson scattering measurement of
  temperature in warm dense carbon},
  journal = PPCF,
  year = {2016},
  volume = {},
  optnumber = {},
  pages = {submitted},
  timestamp = {2016.17.11}
}

@ARTICLE{Tsakiris_1987,
  author = {G.D. Tsakiris and K. Eidmann},
  title = {AN APPROXIMATE METHOD FOR CALCULATING
  PLANCK AND ROSSELAND MEAN OPACITIES IN
  HOT, DENSE PLASMAS},
  journal = JQSRT,
  year = {1987},
  volume = {38},
  optnumber = {},
  pages = {353-368},
  timestamp = {2016.17.11}
}

@ARTICLE{Rubiano_2008,
  author = {J.G. Rubiano and R. Rodriguez and J.M. Gil and R. Florido andP. Martel and M.A. Mendoza and D. Suarez and E. Minguez},
  title = {{Analytical opacity formulas for low Z plasmas}},
  journal = JPCS,
  year = {2008},
  volume = {112},
  optnumber = {},
  pages = {042006},
  timestamp = {2016.17.11}
}

@article{Eidmann2000,
author = {Eidmann, K. and Meyer-ter-Vehn, J. and Schlegel, T. and H\"{u}ller, S.},
doi = {10.1103/PhysRevE.62.1202},
isbn = {1063-651X},
issn = {1063651X},
journal = PRE,
optjournal = {Physical Review E - Statistical Physics, Plasmas, Fluids, and Related Interdisciplinary Topics},
number = {1 B},
pages = {1202--1214},
pmid = {11088579},
title = {{Hydrodynamic simulation of subpicosecond laser interaction with solid-density matter}},
volume = {62},
year = {2000}
}

@article{Lee1984,
abstract = {transport, plasma},
author = {Lee, Y. T. and More, R. M.},
doi = {10.1063/1.864744},
file = {:D$\backslash$:/Users/Honza/Documents/dokumenty/IF/papers/COLFREQ/1984 - Lee, More - An electron conductivity model for dense plasmas.pdf:pdf},
isbn = {1070-6631},
issn = {00319171},
journal = PoF,
number = {5},
pages = {1273},
title = {{An electron conductivity model for dense plasmas}},
url = {http://scitation.aip.org/content/aip/journal/pof1/27/5/10.1063/1.864744},
volume = {27},
year = {1984}
}

@book{Born1999,
author = {Born, M. and Wolf, E.},
title = {Principles of optics: electromagnetic theory of propagation, interference and diffraction of light},
doi = {10.1016/S0030-3992(00)00061-X},
isbn = {0521642221},
issn = {0030-3909},
pages = {1--952},
pmid = {4490527},
year = {1999},
publisher={Cambridge University Press}
}

@article{Afanas1977,
author = {Afanas, Yu. V. and Demchenko, N. N. and Krokhin, O. N. and Rosanov, V. B.},
file = {:D$\backslash$:/Users/Honza/Documents/dokumenty/IF/papers/LASER/1977 - Afanas et al. - Absorption and reflection of laser radiation by a dispersing high-temperature plasma.pdf:pdf},
journal = {Zhurnal Eksp. Teor. Fiz.},
pages = {170--179},
title = {{Absorption and reflection of laser radiation by a dispersing high-temperature plasma}},
volume = {72},
year = {1977}
}

@ARTICLE{VISAR_Celliers_2004,
  author = {P. M. Celliers and D.K. Bradley and G.W. Collins and D.G. Hicks and T.R. Boehly and W.J. Armstrong},
  title = {Line-imaging velocimeter for
  shock diagnostics at the {OMEGA}
  laser facility},
  journal = RSI,
  year = {2004},
  volume = {75},
  optnumber = {},
  pages = {4916},
  timestamp = {2016.17.11}
}

@ARTICLE{SOP_Miller_2007,
  author = {J.E. Miller and T.R. Boehly and A. Melchior and D.D. Meyerhofera and P.M. Celliers and J.H. Eggert and D.G. Hicks and C.M. Sorce and J.A. Oertel and P.M. Emmel},
  title = {Streaked optical pyrometer system for laser-driven shock-wave experiments on OMEGA},
  journal = RSI,
  year = {2007},
  volume = {78},
  optnumber = {},
  pages = {034903},
  timestamp = {2016.17.11}
}

@ARTICLE{Xray_Workman_2004,
  author = {J. Workman and J.R. Fincke and P. Keiter and G.A. Kyrala and T. Pierce and S. Sublett and J.P. Knauer and H. Robey and B. Blue and S.G. Glendinning and O.L. Landen},
  title = {Development of intense point x-ray sources for backlighting high energy density experiments},
  journal = RSI,
  year = {2004},
  volume = {75},
  optnumber = {},
  pages = {3915},
  timestamp = {2016.17.11}
}

@ARTICLE{Olson_ICF_2013,
  author = {R.E. Olson and R.J. Leeper},
  title = {Alternative hot spot formation techniques using liquid deuterium-tritium layer inertial confinement fusion capsules},
  journal = PoP,
  year = {2013},
  volume = {20},
  optnumber = {},
  pages = {092705},
  timestamp = {2016.17.11}
}

@ARTICLE{Kresse_1983,
  author = {G Kresse and J Hafner},
  title = {},
  journal = PRB,
  year = {1983},
  volume = {47},
  optnumber = {},
  pages = {558},
  timestamp = {2016.17.11}
}

@ARTICLE{Hu_2015,
  author = {S.X. Hu and et al},
  title = {},
  journal = PRE,
  year = {2015},
  volume = {92},
  optnumber = {},
  pages = {43104},
  timestamp = {2016.17.11}
}

@ARTICLE{Ichimaru_1982,
  author = {S. Ichimaru},
  title = {},
  journal = RMP,
  year = {1982},
  volume = {54},
  optnumber = {},
  pages = {4},
  timestamp = {2016.17.11}
}

@ARTICLE{Gregori_2007,
  author = {G. Gregori and et al},
  title = {},
  journal = HEDP,
  year = {2007},
  volume = {3},
  optnumber = {},
  pages = {99},
  timestamp = {2016.17.11}
}

@ARTICLE{Gregori_2009,
  author = {G. Gregori and D.O. Gericke},
  title = {Low frequency structural dynamics of warm dense matter},
  journal = PoP,
  year = {2009},
  volume = {16},
  optnumber = {},
  pages = {056306},
  timestamp = {2016.17.11}
}

@ARTICLE{Fortmann_2009,
  author = {C. Fortmann and et al},
  title = {},
  journal = LPB,
  year = {2009},
  volume = {27},
  optnumber = {},
  pages = {311},
  timestamp = {2016.17.11}
}

@ARTICLE{Fortmann_2010,
  author = {C. Fortmann and A. Wierling and G. Rlopke},
  title = {},
  journal = PRE,
  year = {2010},
  volume = {81},
  optnumber = {},
  pages = {026405},
  timestamp = {2016.17.11}
}

@ARTICLE{Gregori_PRL_2008,
  author = {G. Gregori and et al},
  title = {},
  journal = PRL,
  year = {2008},
  volume = {101},
  optnumber = {},
  pages = {045003},
  timestamp = {2016.17.11}
}

@ARTICLE{Gamboa_HEDP_2014,
  author = {E.J. Gamboa and et al},
  title = {},
  journal = HEDP,
  year = {2014},
  volume = {11},
  optnumber = {},
  pages = {75-9},
  timestamp = {2016.20.11}
}

@ARTICLE{Gamboa_PoP_2015,
  author = {E.J. Gamboa and et al},
  title = {},
  journal = PoP,
  year = {2015},
  volume = {22},
  optnumber = {},
  pages = {056319},
  timestamp = {2016.20.11}
}

@ARTICLE{Kraus_PRL_2013,
  author = {D. Kraus and et al},
  title = {},
  journal = PRL,
  year = {2013},
  volume = {111},
  optnumber = {},
  pages = {255501},
  timestamp = {2016.20.11}
}

@ARTICLE{Michel_2012,
  author = {P. Michel and W. Rozmus and E.A. Williams and L. Divol and R.L. Berger and R.P.J. Town and S.H. Glenzer and D.A. Callahan},
  title = {Stochastic Ion Heating from Many Overlapping Laser Beams in Fusion Plasmas},
  journal = PRL,
  year = {2012},
  volume = {109},
  optnumber = {},
  pages = {195004},
  timestamp = {2016.20.11}
}

@ARTICLE{Colaitis_2014,
  author = {A. Colaitis and G. Duchateau and P. Nicolai and V. Tikhonchuk},
  title = {Towards modeling of nonlinear laser-plasma interactions with hydrocodes: The thick-ray approach},
  journal = PRE,
  year = {2014},
  volume = {89},
  optnumber = {},
  pages = {033101},
  timestamp = {2016.20.11}
}

@ARTICLE{Castriani_1998,
  author = {C.L. Castrianni and M.L. Adams},
  title = {},
  journal = NSE,
  year = {1998},
  volume = {128},
  optnumber = {},
  pages = {278-296},
  timestamp = {2016.30.08}
}

@ARTICLE{Adams_1997,
  author = {M.L. Adams},
  title = {A subcell balance method for radiative transfer on arbitrary spatial
  grids},
  journal = TTSP,                          
  year = {1997},
  volume = {26},
  optnumber = {},
  pages = {385-431},
  timestamp = {2016.30.08}
}

@ARTICLE{Adams_2001,
  author = {M.L. Adams},
  title = {Discontinuous finite element transport solutions in thick diffusive problems},
  journal = NSE,
  year = {2001},
  volume = {137},
  optnumber = {},
  pages = {298},
  timestamp = {2016.30.08}
}

@ARTICLE{Adams_2002,
  author = {M.L. Adams and E.W. Larsen},
  title = {Fast iterative methods for discrete-ordinates particle transport equation},
  journal = PNE,
  year = {2002},
  volume = {40},
  optnumber = {3},
  pages = {},
  timestamp = {2016.30.08}
}

@ARTICLE{boxlib,
  author = {W.Y. Crutchfield and M.L. Welcome},
  title = {{Object-Oriented Implementation of Adaptive Mesh Refinement Algorithms}},
  journal = SP,
  year = {1993},
  volume = {2},
  optnumber = {},
  pages = {145-156},
  owner = {kucharik},
  timestamp = {2013.09.09}
}

@ARTICLE{MHD_Rieben_2007,
  author = {R.N. Rieben and D.A. White and B.K. Wallin and J.M. Solberg},
  title = {An arbitrary {L}agrangian–{E}ulerian discretization of {MHD} on {3D} unstructured grids},
  journal = JCP,
  year = {2007},
  volume = {226},
  optnumber = {},
  pages = {534-570},
  timestamp = {2016.19.08}
}

@misc{mfem,
  author = {T. Kolev and V. Dobrev and R. Rieben},
  title={{MFEM}: Modular finite element methods},
  year={2015},
    howpublished={\url{mfem.org}}
}

@misc{mfem-library,
  title={{MFEM}: Modular finite element methods},
    howpublished={\url{mfem.org}}
}

@misc{mathworks_spherical,
  title={},
    howpublished={\url{http://mathworld.wolfram.com/SphericalCoordinates.html}}
}

@misc{mathworks_cylindrical,
  title={},
    howpublished={\url{http://mathworld.wolfram.com/CylindricalCoordinates.html}}
}

@ARTICLE{flychk,
  author = {H. K. Chung and M. H. Chen and  W. L. Morgan and Yu. Ralchenko and R. W. Lee},
  title={{FLYCHK}: Generalized population kinetics and spectral model for rapid spectroscopic analysis for all elements},
  year={2005},
  volume={1},
  journal={High Energy Density Physics},
  pages={3},
}

misc{flychk,
  author = {H. K. Chung and M. H. Chen and  W. L. Morgan and Yu. Ralchenko and R. W. Lee},
  title = {{FLYCHK}: Generalized population kinetics and spectral model for rapid spectroscopic analysis for all elements},
  year = {2005},
  journal = HEDP,
  pages = {3},
    howpublished={\url{http://nlte.nist.gov/FLY/}}
}

@ARTICLE{BGK_1954,
  author = {P.L. Bhatnagar and E.P. Gross and M. Krook},
  title = {{A Model for Collision Processes in Gases. I. Small Amplitude Processes in Charged and Neutral One-Component Systems}},
  journal = PR,
  year = {1954},
  volume = {94},
  optnumber = {3},
  pages = {511-525},
  timestamp = {2015.14.09}
}

@ARTICLE{GK_1956,
  author = {E.P. Gross and M. Krook},
  title = {{Model for Collision Processes in Gases: Small-Amplitude Oscillations
  of Charged Two-Component Systems}},
  journal = PR,
  year = {1956},
  volume = {102},
  optnumber = {3},
  pages = {593-604},
  timestamp = {2016.30.08}
}

@ARTICLE{Jaffe_1930,
  author = {G. Jaffe},
  title = {},
  journal = AdP,
  year = {1930},
  volume = {6},
  optnumber = {},
  pages = {195},
  timestamp = {2016.30.08}
}

@ARTICLE{Dobrev_MFEM_Curvilinear_2011,
  author = {V. A. Dobrev and T. E. Ellis and T. V. Kolev and R. N. Rieben},
  title = {Curvilinear finite elements for {L}agrangian hydrodynamics},
  journal = IJNMF,
  volume = {65},
  optnumber = {},
  pages = {1295-1310},
  year = {2011},
  optfile = {},
  timestamp = {2016.01.09}
}

@ARTICLE{Dobrev_Kolev_Rieben-High-order_curvilinear_finite_element_methods_for_Lagrangian_hydrodynamics,
  author = {V. Dobrev and Tz. Kolev and R. Rieben},
  title = {High-order curvilinear finite element methods for {L}agrangian hydrodynamics},
  journal = SISC,
  year = {2012},
  volume = {34},
  optnumber = {},
  pages = {B606-B641},
  timestamp = {2013.09.09}
}

@ARTICLE{Dobrev_MFEM_Multimat2016,
  author = {V. Dobrev and Tz. Kolev and R. Rieben and V. Tomov},
  title = {Multi-material closure model for high-order finite element {L}agrangian hydrodynamics},
  journal = IJNMF,
  year = {2016},
  volume = {82},
  optnumber = {},
  pages = {689-706},
  timestamp = {2016.09.09}
}

@ARTICLE{Anderson_MFEM_2014,
  author = {R. Anderson and V. Dobrev and Tz. Kolev and R. Rieben},
  title = {Monotonicity in high-order curvilinear finite element ALE remap},
  journal = IJNMF,
  year = {2014},
  volume = {77},
  optnumber = {5},
  pages = {249-273},
  timestamp = {2016.01.09}
}

@ARTICLE{Dobrev_MFEM_ElastoPlasto_2014,
  author = {V. Dobrev and Tz. Kolev and R. Rieben},
  title = {High-order curvilinear finite element methods for elastic-plastic {L}agrangian dynamics},
  journal = JCP,
  year = {2014},
  volume = {257B},
  optnumber = {},
  pages = {1062-1080},
  timestamp = {2016.01.09}
}

@ARTICLE{Dobrev_MFEM_Axissymmetric_2013,
  author = {V. Dobrev and T. Ellis and Tz. Kolev and R. Rieben},
  title = {High-order curvilinear finite elements for axisymmetric {L}agrangian hydrodynamics},
  journal = CaF,
  year = {2013},
  volume = {83},
  optnumber = {},
  pages = {58-69},
  timestamp = {2016.01.09}
}

@ARTICLE{Crutchfield_Welcome-Object-oriented_implementation_of_adaptive_mesh_refinement_algorithms,
  author = {W.Y. Crutchfield and M.L. Welcome},
  title = {Object-Oriented Implementation of Adaptive Mesh Refinement Algorithms},
  journal = SP,
  year = {1993},
  volume = {2},
  optnumber = {},
  pages = {145-156},
  timestamp = {2013.09.09}
}

@ARTICLE{Godunov_1959,
  author = {S.K. Godunov},
  title = {A difference scheme for numerical solution of discontinuous solution of hydrodynamic equations},
  journal = MS,
  year = {1959},
  volume = {47},
  optnumber = {},
  pages = {271-306},
  timestamp = {2016.29.08}
}

@ARTICLE{vonNeumann_1950,
  author = {J. von Neumann and R.D. Richtmyer},
  title = {A method for the numerical calculation of hydrodynamic shocks},
  journal = JAP,
  year = {1950},
  volume = {21},
  optnumber = {3},
  pages = {232-237},
  timestamp = {2016.29.08}
}

@INPROCEEDINGS{Velarde-Radiation_transport_in_AMR,
  author = {P. Velarde and F. Ogando},
  title = {Radiation transport in AMR},
  booktitle = {Adaptive Mesh Refinement: Theory and Applications.
             Proceedings of the Chicago Workshop on Adaptive Mesh Refinement Methods},
  year = {2005},
  volume = {41},
  pages = {271-280},
  file = {:/mnt/pl/usr3/scratch/kucharik/papers/Kucharik/ECLIM_paper_final.pdf:PDF},
  optnote = {Poster.},
  optpages = {216},
  timestamp = {2009.03.26}
}

@TECHREPORT{Basko_Maruhn-Development_of_RALEF,
  author = {M. Basko and J. Maruhn and A. Tauschwitz},
  title = {Development of a {2D} radiation-hydrodynamics code {RALEF} for laser plasma
simulations},
  institution = {{EMMI}, {GSI} {D}armstadt, {G}ermany},
  year = {2009},
  number = {PLASMA-PHYSICS-25},
  file = {:/mnt/pl/usr3/scratch/kucharik/papers/eos/Sesame_EOS/HYDSESA.PDF:PDF},
  owner = {kucharik},
  timestamp = {2009.03.31}
}

@TECHREPORT{scric,
  author = {F. de Gaufridy de Dortan},
  title = {{SCRIC}, un code pour calculer l'absorption et l'emission detaillees de plasmas hors equilibre inhomogenes et etendus},
  institution = {{CEA} Report no 6115, Editor {CEA}},
  year = {2006},
  number = {PLASMA-PHYSICS-25},
  file = {:/mnt/pl/usr3/scratch/kucharik/papers/eos/Sesame_EOS/HYDSESA.PDF:PDF},
  owner = {kucharik},
  timestamp = {2009.03.31}
}

@INPROCEEDINGS{Adamek-Kapin-etal-ECLIM-Proc06,
  author = {P. Adamek and T. Kapin and M. Kucharik and R. Liska and J. Limpouch
	and M. Sinor},
  title = {Hydrodynamic simulations of laser interactions with foam targets},
  booktitle = {Proceedings of 29th ECLIM},
  year = {2006},
  file = {:/mnt/pl/usr3/scratch/kucharik/papers/Kucharik/ECLIM_paper_final.pdf:PDF},
  optannote = {ABSTRACT, PROCEEDINGS ???},
  optnote = {Poster.},
  optpages = {216},
  timestamp = {2009.03.26}
}

@INPROCEEDINGS{Adamek-Kapin-etal-ECLIM-Proc06,
  author = {P. Adamek and T. Kapin and M. Kucharik and R. Liska and J. Limpouch
	and M. Sinor},
  title = {Hydrodynamic simulations of laser interactions with foam targets},
  booktitle = {Proceedings of 29th ECLIM},
  year = {2006},
  editor = {},
  publisher = {},
  file = {},
  optannote = {ABSTRACT, PROCEEDINGS ???},
  optnote = {Poster.},
  optpages = {216},
  timestamp = {2009.03.26}
}

@INPROCEEDINGS{Shvarts_1986_1,
  author = {D. Shvarts},
  title = {},
  booktitle = {Proceedings of the 29th Scottish Universities Summer School in Physics, St. Andrews, 1985},
  year = {1986},
  editor = {H. B. Hooper},
  publisher = {Scottish Universities Summer School in Physics Publications},
  file = {},
  optannote = {},
  optnote = {},
  address = {Edinburgh},
  optpages = {},
  timestamp = {2015.25.10}
}

@INPROCEEDINGS{Holec_AMOR_2015,
  author = {M. Holec and M. Cotelo and P. Velarde and R. Liska},
  title = {Application of Discontinuous {G}alerkin
  Adaptive Mesh and Order Refinement method to energy transport and conservation
  equations in radiation-hydrodynamics},
  booktitle = {1st Pan American
  Congress on Computational Mechanics, Buenos Aires},
  year = {2015},
  editor = {S. R. Idelsohn and et al},
  publisher = {CIMNE, Barcelona},
  pages = {919-930},
  file = {},
  optannote = {},
  optnote = {},
  optpages = {},
  timestamp = {2015.25.10}
}


@BOOK{Alder_etal-comp_phys-book-64,
  title = {Fundamental Methods in Hydrodynamics},
  publisher = {Academic Press},
  year = {1964},
  editor = {J. Gillis},
  author = {B. Alder and S. Fernbach and M. Rotenberg},
  volume = {3},
  series = {Methods in Computational Physics: Advances in Research and Applications},
  comment = {Wilkins report on slide lines in it.},
  file = {:/mnt/pl/usr3/scratch/kucharik/papers/intros/alder__fernbach__rotenberg.__eds.__methods_in_computational_physics._vol.3.._fundamental_methods_in_hydrodynamics__ap__1964_.pdf:PDF},
  owner = {kucharik},
  timestamp = {2010.08.09}
}

@BOOK{Anderson_etal-LAPACK_Users_Guide_3-SIAM-99,
  title = {LAPACK Users' Guide, Third Edition},
  publisher = {SIAM},
  year = {1999},
  author = {E. Anderson and Z. Bai and C. Bischof and S. Blackford and J. Demmel
	and J. Dongarra and J. Du Croz and A. Greenbaum and S. Hammarling
	and A. McKenney and D. Sorensen},
  number = {ISBN:0-89871-447-8},
  file = {:/mnt/pl/usr3/scratch/kucharik/papers/manuals/Anderson_etal-LAPACK_Users_Guide_3-SIAM-99.pdf:PDF},
  owner = {kucharik},
  timestamp = {2009.11.16}
}

@BOOK{HilbertP1_expansion,
  title = {Methods of Mathematical Physics},
  volume = {1},
  publisher = {Interscience Publisher, Inc.},
  year = {1953},
  address = {New York},
  author = {R. Courant and D. Hilbert},
  ISBN = {978-0-471-00007-5},
  timestamp = {2016.4.11}
}

@BOOK{Rosseland1936,
  title = {Theoretical astrophysics},
  volume = {},
  publisher = {Oxford University Press},
  year = {1936},
  address = {Oxford},
  author = {S. Rosseland},
  timestamp = {2017.29.09}
}

@BOOK{Apostol_calculus,
  title = {Calculus},
  volume = {2},
  publisher = {Wiley},
  address = {New York},
  year = {1969},
  author = {T.M. Apostol},
  ISBN = {978-0-471-00007-5},
  timestamp = {2016.4.11}
}

@BOOK{Misner_gravitation,
  title = {Gravitation},
  publisher = {W. H. Freeman},
  address = {San Francisco},
  year = {1973},
  author = {Ch.V. Misner and K.S. Thorne and J.A. Wheeler},
  ISBN = {978-0-7167-0344-0},
  timestamp = {2016.4.11}
}

@BOOK{Mihalas_Mihalas-Foundations_of_Radiation_Hydrodynamics,
  title = {Foundations of Radiation Hydrodynamics},
  publisher = {Oxford University Press},
  address = {New York},
  year = {1985},
  author = {D. Mihalas and B.W. Mihalas},
  ISBN = {9780195034370},
  file = {:/mnt/pl/usr3/scratch/kucharik/papers/manuals/Anderson_etal-LAPACK_Users_Guide_3-SIAM-99.pdf:PDF},
  owner = {kucharik},
  timestamp = {2009.11.16}
}

@BOOK{Castor-Radiation_Hydrodynamics,
  title = {Radiation Hydrodynamics},
  author = {J. Castor},
  publisher = {Cambridge University Press},
  address = {Cambridge},
  year = {2004},
  ISBN = {0-521-83309-4},
  file = {:/mnt/pl/usr3/scratch/kucharik/papers/manuals/Anderson_etal-LAPACK_Users_Guide_3-SIAM-99.pdf:PDF},
  owner = {kucharik},
  timestamp = {2009.11.16}
}

@BOOK{Zeldovich_Raizer-Physics_of_Shock_Waves_and_High-Temperature_Hydrodynamic_Phenomena,
  title = {Physics of Shock Waves and High-Temperature Hydrodynamic Phenomena},
  author = {Ya.B. Zeldovich and Yu.P. Raizer},
  publisher = {Dover Publications},
  address = {New York},
  year = {2002},
  ISBN = {9780486420028},
  file = {:/mnt/pl/usr3/scratch/kucharik/papers/manuals/Anderson_etal-LAPACK_Users_Guide_3-SIAM-99.pdf:PDF},
  owner = {kucharik},
  timestamp = {2009.11.16}
}

@BOOK{Moses_ICF_book_1982_4,
  author = {J. J. Duderstadt and G. A. Moses},
  title = {Inertial Confinement Fusion},
  publisher = {Wiley},
  address = {New York},
  year = {1982},
  editor = {},
  volume = {},
  series = {},
  comment = {},
  file = {},
  timestamp = {2015.25.10}
}

@BOOK{Kruer_LP_Interactions_book_1988_5,
  author = {W. I. Kruer},
  title = {The Physiscs of Laser-Plasma Interactions},
  publisher = {Addison-Wesley},
  address = {New York},
  year = {1988},
  editor = {},
  volume = {},
  series = {},
  comment = {},
  file = {},
  timestamp = {2015.25.10}
}

@BOOK{Balescu_Classical_Transport_book_1988_6,
  author = {R. Balescu},
  title = {Transport Processes in Plasmas: Classical Transport Theory},
  publisher = {Elsevier Science},
  address = {Amsterdam},
  year = {1988},
  editor = {},
  volume = {},
  series = {},
  comment = {},
  file = {},
  timestamp = {2015.25.10}
}


@BOOK{Velarde_ICF_book_1993,
  author = {G. Velarde and V. Ronen and J. M. Martinez-Val},
  title = {Nuclear Fusion by Inertial Confinement: A Comprehensive Treatise},
  publisher = {CRC Press},
  address = {Boca Raton, FL},
  year = {1993},
  timestamp = {2015.25.10}
}


InCollection{Velarde_ICF_book_1993_198,
  author = {G. Velarde and J. M. Martinez-Val},
  title = {},
  OPTchapter = {},
  pages = {198},
  booktitle = {Nuclear Fusion by Inertial Confinement: A Comprehensive Treatise},
  editor = {G. Velarde and V. Ronen and J. M. Martinez-Val},
  publisher = {CRC Press},
  address = {Boca Raton, FL},
  year = {1993},
  OPTtimestamp = {}
}


@InCollection{Velarde_ICF_book_1993_14,
  author = {V. Yu. Bychenkov and V. T. Tikhonchuk},
  OPTchapter = {3},
  title = {Laser-Target Interaction: Laser Energy Absorption and Nonlinear Plasma Phenomena},
  pages = {73},
  booktitle = {Nuclear Fusion by Inertial Confinement: A Comprehensive Treatise},
  editor = {G. Velarde and V. Ronen and J. M. Martinez-Val},
  publisher = {CRC Press},
  address = {Boca Raton, FL},
  year = {1993},
  timestamp = {2015.25.10}
}

@BOOK{Aleksandrov_Plasma_Electrodynamics_1978_22,
  author = {A. F. Aleksandrov and L. S. Bogdankevich and A. A. Rukhadze},
  title = {Principles of Plasma Electrodynamics},
  publisher = {Vysshaya Shkola},
  address = {Moscow},
  year = {1978},
  editor = {},
  volume = {},
  series = {},
  comment = {},
  file = {},
  timestamp = {2015.25.10}
}

@BOOK{Shkarofsky_Particle_Kinetics_book_1966_24,
  author = {I. P. Shkarofsky and T. W. Johnston and M. P. Bachynskii},
  title = {The particle Kinetics of Plasmas},
  publisher = {Addison-Wesley},
  address = {Reading},
  year = {1966},
  editor = {},
  volume = {},
  series = {},
  comment = {},
  file = {},
  timestamp = {2015.25.10}
}

@BOOK{Lifshitz_Physical_kinetics_book_1981_26,
  author = {E. M. Lifshitz and L. P. Piatevskii},
  title = {Physical Kinetics},
  publisher = {Pergamon},
  address = {Oxford},
  year = {1981},
  editor = {},
  volume = {},
  series = {},
  comment = {},
  file = {},
  timestamp = {2015.25.10}
}

@BOOK{Chapman_Mathematics_book_1952_36,
  author = {S. Chapman and T. G. Cowling},
  title = {Mathematical Theory of Nonuniform Gases},
  publisher = {Cambridge University Press},
  address = {Cambridge},
  year = {1952},
  editor = {},
  volume = {},
  series = {},
  comment = {},
  file = {},
  timestamp = {2015.25.10}
}

@BOOK{Galeev_1991_71,
  author = {A. A. Galeev and A. M. Natanson},
  title = {Handbook of Plasma Physics},
  publisher = {Nort-Holland},
  address = {Amsterdam},
  year = {1991},
  editor = {A. Rubenchik and S. Witkowski},
  volume = {3},
  series = {p. 549},
  comment = {},
  file = {},
  timestamp = {2015.25.10}
}

@BOOK{RT_Mihalas_book_1978,
  author = {D. M. Mihalas},
  title = {Stellar Atmospheres},
  publisher = {W. H. Freeman and Co.},
  address = {},
  year = {1978},
  editor = {},
  volume = {},
  series = {},
  comment = {},
  file = {},
  timestamp = {2015.25.10}
}

@BOOK{RT_Pomraning_book_1973,
  author = {G. C. Pomraning},
  title = {The Equations of Radiation Hydrodynamics},
  publisher = {Pergamon Press},
  address = {Oxford},
  year = {1973},
  editor = {},
  volume = {},
  series = {},
  comment = {},
  file = {},
  timestamp = {2015.25.10}
}

@BOOK{RT_Lewis_book_1993,
  author = {E. E. Lewis and W. F. Miller},
  title = {Computational Methods of Neutron Transport},
  publisher = {ANS Inc.},
  address = {LaGrange Park, IL, USA},
  year = {1993},
  editor = {},
  volume = {},
  series = {},
  comment = {},
  file = {},
  timestamp = {2015.25.10}
}

@BOOK{Atzeni_book_2004,
  author = {S. Atzeni and J. Meyer-Ter-Vehn},
  title = {The Physics of Inertial Fusion},
  publisher = {Clarendon Press},
  address = {Oxford},
  year = {2004},
  OPTeditor = {J. Birman and S. F. Edwards and R. Friend and M. Rees and D. Sherrington and G. Veneziano},
  volume = {},
  series = {},
  comment = {},
  file = {},
  timestamp = {2015.25.10}
}

@BOOK{Shashkov_hydro_1996,
  author = {M. Shashkov},
  title = {Conservative Finite-Difference Methods on General Grids},
  publisher = {CRC Press},
  address = {Boca Raton},
  year = {1996},
  editor = {},
  volume = {},
  series = {},
  comment = {},
  file = {},
  timestamp = {2015.25.10}
}

@BOOK{Richtmyer_1976,
  author = {R.D. Richtmyer and K.W. Morton},
  title = {Difference Methods for Initial Value Problems},
  publisher = {Interscience},
  address = {New York},
  year = {1976},
  editor = {},
  volume = {},
  series = {},
  comment = {},
  file = {},
  timestamp = {2016.29.08}
}

@BOOK{TransportPhenomena_1989,
  author = {H. Smith and H.H. Jensen},
  title = {Transport Phenomena},
  publisher = {},
  address = {Oxford},
  year = {1989},
  editor = {},
  volume = {},
  series = {},
  comment = {},
  file = {},
  timestamp = {2016.29.08}
}

@BOOK{KieticStatisticalPhysics_2010,
  author = {P.L. Krapivsky and S. Redner and E. Ben-Naim},
  title = {A Kinetic View of Statistical Physics},
  publisher = {},
  address = {Cambridge},
  year = {2010},
  editor = {},
  volume = {},
  series = {},
  comment = {},
  file = {},
  owner = {},
  timestamp = {2016.29.08}
}

@BOOK{Kardar_2007,
  author = {M. Kardar},
  title = {Statistical Physics of Particles},
  publisher = {},
  address = {Cambridge},
  year = {2007},
  editor = {},
  volume = {},
  series = {},
  comment = {},
  file = {},
  owner = {},
  timestamp = {2015.25.10}
}

@BOOK{Jeans_1946,
  author = {J. Jeans},
  title = {Introduction to Kinetic Theory of Gases},
  publisher = {Cambridge University Press},
  address = {Cambridge},
  year = {1946},
  editor = {},
  volume = {},
  series = {},
  comment = {},
  file = {},
  owner = {},
  timestamp = {2016.30.08}
}

@BOOK{McLennan_1989,
  author = {J.A. McLennan},
  title = {Introduction to Non-equilibrium Statistical Mechanics},
  publisher = {Prentice-Hall},
  address = {},
  year = {1987},
  editor = {},
  volume = {},
  series = {},
  comment = {},
  file = {},
  owner = {},
  timestamp = {2016.29.08}
}

@BOOK{Refi_1987,
  author = {F. Reif},
  title = {Fundamentals of Statistical and Thermal Physics},
  publisher = {McGraw-Hill},
  address = {},
  year = {1987},
  editor = {},
  volume = {},
  series = {},
  comment = {},
  file = {},
  owner = {},
  timestamp = {2015.25.10}
}

@BOOK{VanKampen_2007,
  author = {N.G. Van Kampen},
  title = {Stochastic Processes in Physics and Chemistry},
  publisher = {North-Holland},
  address = {},
  year = {2007},
  editor = {},
  volume = {},
  series = {},
  comment = {},
  file = {},
  owner = {},
  timestamp = {2015.25.10}
}

@ARTICLE{IB_original_Langdon_1979,
  author = {A. B. Langdon},
  title = {Nonlinear Inverse Brehmsstralung and Heated-Electron Distributions},
  journal = PRL,
  year = {1979},
  volume = {44},
  optnumber = {9},
  pages = {575-579},
  optfile = {},
  owner = {},
  timestamp = {2015.23.10}
}

@ARTICLE{IB_Bissell_Super_Gaussian_transport_2013,
  author = {J. J. Bissell and C. P. Ridgers and R. J. Kingham},
  title = {Super-Gaussian transport theory and the field-generating thermal instability in laser-plasmas},
  journal = NJP,
  year = {2013},
  volume = {15},
  optnumber = {},
  pages = {025017},
  optfile = {},
  owner = {},
  timestamp = {2015.23.10}
}

@ARTICLE{Brantov_Nonlocal_electron_transport_1998,
  author = {A. V. Brantov and V. Yu. Bychenkov and V. T. Tikhonchuk},
  title = {Nonlocal electron transport in laser heated plasmas},
  journal = PoP,
  year = {1998},
  volume = {5},
  optnumber = {7},
  pages = {2742-2753},
  optfile = {},
  owner = {},
  timestamp = {2015.23.10}
}

@ARTICLE{CSR_1950,
  author = {R. S. Cohen and Spitzer, Jr., L. and P. M. Routly},
  title = {The Electrical Conductivity of an Ionized Gas},
  journal = PR,
  year = {1950},
  volume = {80},
  optnumber = {2},
  pages = {230-238},
  optfile = {},
  owner = {},
  timestamp = {2015.23.10}
}

@ARTICLE{IB_Zhu_dmdx_1999,
  author = {S. P. Zhu and P. J. Gu},
  title = {A Heat Transport Model Including the Effect of Non-{M}axwellian Electron Distribution and Its Application in Laser Produced Plasma},
  journal = CPL,
  year = {1999},
  volume = {16},
  optnumber = {7},
  pages = {520-522},
  optfile = {},
  owner = {},
  timestamp = {2015.23.10}
}

@ARTICLE{IB_modern_operator_Weng_2009,
  author = {S. M. Weng and Z. M. Sheng and J. Zhang},
  title = {Inverse bremstrahlung absorption with nonlinear effects of high laser intensity non-{M}axwellian distribution},
  journal = PRE,
  year = {2009},
  volume = {80},
  optnumber = {056406},
  pages = {},
  optfile = {},
  owner = {holec},
  timestamp = {2015.23.10}
}

@ARTICLE{Nonlocal_transport_Brantov_summary_partI,
  author = {A. V. Brantov and V. Yu. Bychenkov},
  title = {Nonlocal Transport in Hot Plasma. {P}art {I}},
  journal = PPR,
  year = {2013},
  volume = {39},
  optnumber = {9},
  pages = {698-744},
  optfile = {},
  owner = {holec},
  timestamp = {2015.23.10}
}

@ARTICLE{Nonlocal_transport_Brantov_summary_partII,
  author = {A. V. Brantov and V. Yu. Bychenkov},
  title = {Nonlocal Transport in Hot Plasma. {P}art {II}},
  journal = PPR,
  year = {2014},
  volume = {40},
  optnumber = {7},
  pages = {505-563},
  optfile = {},
  owner = {holec},
  timestamp = {2015.23.10}
}

@ARTICLE{Weber_2014,
  author = {S. Weber and G. Riazuelo and P. Michel and R. Loubere and F. Walraet and V. T. Tikhonchuk and V. Malka and J. Ovadia and G. Bonnaud},
  title = {Modeling of laser-plasma interaction o nhydrodynamic scales: Physics development and comparison with experiments},
  journal = LPB,
  year = {2014},
  volume = {22},
  optnumber = {},
  pages = {189-195},
  optfile = {},
  owner = {holec},
  timestamp = {2015.23.10}
}

@ARTICLE{Braginskii_1965_3,
  author = {S. I. Braginskii},
  title = {Transport Processes in a Plasma},
  journal = {Reviews of Plasma Physics},
  year = {1965},
  volume = {1},
  optnumber = {},
  pages = {205},
  optfile = {},
  owner = {holec},
  timestamp = {2015.23.10}
}

@ARTICLE{Albritton_1986_8,
  author = {J. R. Albritton and E. A. Williams and I. B. Bernstein and K. Swarty},
  title = {},
  journal = PRL,
  year = {1986},
  volume = {57},
  optnumber = {},
  pages = {1887},
  optfile = {},
  owner = {holec},
  timestamp = {2015.23.10}
}

@ARTICLE{Groot_1997_9,
  author = {J. S. De Groot and K. G. Estabrook and S. H. Glenzer and J. P. Matte},
  title = {Nonlocal heat transport in laser driven hohlraums},
  journal = BAPS,
  year = {1997},
  volume = {42},
  optnumber = {},
  pages = {1993},
  optfile = {},
  owner = {holec},
  timestamp = {2015.23.10}
}

@ARTICLE{Harrington_1966_10,
  author = {R. E. Harrington},
  title = {Anomalous Surface Heating Rates},
  journal = JAP,
  year = {1966},
  volume = {37},
  optnumber = {},
  pages = {2028},
  optfile = {},
  owner = {holec},
  timestamp = {2015.23.10}
}

@ARTICLE{Basov_1989_11,
  author = {N. G. Basov and P. P. Volosevich and E. G. Gamalii and et al.},
  title = {},
  journal = JRLR,
  year = {1989},
  volume = {10},
  optnumber = {},
  pages = {438},
  optfile = {},
  owner = {holec},
  timestamp = {2015.23.10}
}

@ARTICLE{Rosen_2012_13,
  author = {M. D. Rosen and H. A. Scott and D. E. Hinkel and et al.},
  title = {The role of a detailed configuration accounting ({DCA}) atomic physics package
           in explaining the energy balance in ignition-scale hohlraums},
  journal = HEDP,
  year = {2012},
  volume = {7},
  optnumber = {3},
  pages = {180--190},
  optfile = {},
  owner = {holec},
  timestamp = {2015.23.10}
}

@ARTICLE{Malone_1975_15,
  author = {R. C. Malone and R. L. McCroy and R. L. Morse},
  title = {},
  journal = PRL,
  year = {1975},
  volume = {34},
  optnumber = {},
  pages = {721},
  optfile = {},
  owner = {holec},
  timestamp = {2015.23.10}
}

@ARTICLE{Forslund_1970_16,
  author = {D. W. Forslund},
  title = {},
  journal = JGRS,
  year = {1970},
  volume = {17},
  optnumber = {},
  pages = {75},
  optfile = {},
  owner = {holec},
  timestamp = {2015.23.10}
}

@ARTICLE{Snyder_1997_17,
  author = {P. B. Snyder and G. W. Hammett and W. Dorland},
  title = {Landau fluid models of collisionless magnetohydrodynamics},
  journal = PoP,
  year = {1997},
  volume = {4},
  optnumber = {},
  pages = {3974},
  optfile = {},
  owner = {holec},
  timestamp = {2015.23.10}
}

@ARTICLE{Furkal_1997_18,
  author = {E. Furkal and A. I. Smolyakov and A. Hirose},
  title = {},
  journal = PRE,
  year = {1997},
  volume = {58},
  optnumber = {},
  pages = {3974},
  optfile = {},
  owner = {holec},
  timestamp = {2015.23.10}
}

@ARTICLE{Chang_1992_19,
  author = {Z. Chang and J. D. Callen},
  title = {},
  journal = PoFB,
  year = {1992},
  volume = {4},
  optnumber = {},
  pages = {1167},
  optfile = {},
  owner = {holec},
  timestamp = {2015.23.10}
}

@ARTICLE{Batishchev_1997_20,
  author = {O. V. Batishchev and S. I. Krasheninnikov and P. J. Catto and et al.},
  title = {},
  journal = PoP,
  year = {1997},
  volume = {4},
  optnumber = {},
  pages = {1672},
  optfile = {},
  owner = {holec},
  timestamp = {2015.23.10}
}

@ARTICLE{Bychenkov_1995_21,
  author = {V. Yu. Bychenkov and W. Rozmus and V. T. Tikhonchuk},
  title = {},
  journal = PRL,
  year = {1995},
  volume = {75},
  optnumber = {},
  pages = {4405},
  optfile = {},
  owner = {holec},
  timestamp = {2015.23.10}
}

@ARTICLE{Silin_2002_25,
  author = {V. P. Silin},
  title = {},
  journal = {Phys. Usp.},
  year = {2002},
  volume = {45},
  optnumber = {},
  pages = {955},
  optfile = {},
  owner = {holec},
  timestamp = {2015.23.10}
}

@ARTICLE{Opher_2002_27,
  author = {M. Opher and G. J. Morales and J. N. Leboeuf},
  title = {},
  journal = PRE,
  year = {2002},
  volume = {66},
  optnumber = {032702},
  pages = {},
  optfile = {},
  owner = {holec},
  timestamp = {2015.23.10}
}

@ARTICLE{Bychenkov_1997_28,
  author = {V. Yu. Bychenkov and V. T. Tikhonchuk and W. Rozmus},
  title = {Transverse electron susceptibility and the electromagnetic wave absorption in weakly collisional plasmas},
  journal = PoP,
  volume = {4},
  optnumber = {},
  pages = {4205},
  year = {1997},
  optfile = {},
  owner = {holec},
  timestamp = {2015.23.10}
}

@ARTICLE{Bychenkov_1998_29,
  author = {V. Yu. Bychenkov},
  title = {},
  journal = PPR,
  volume = {24},
  optnumber = {},
  pages = {801},
  year = {1998},
  optfile = {},
  owner = {holec},
  timestamp = {2015.23.10}
}

@ARTICLE{Koch_1975_30,
  author = {R. A. Koch},
  title = {},
  journal = PoF,
  volume = {18},
  optnumber = {},
  pages = {861},
  year = {1975},
  optfile = {},
  owner = {holec},
  timestamp = {2015.23.10}
}


@ARTICLE{Penano_1997_31,
  author = {J. R. Penano and G. J. Morales and J. E. Maggs},
  title = {Properties of drift waves in a filamentary density depletion},
  journal = PoP,
  volume = {4},
  optnumber = {},
  pages = {555},
  year = {1997},
  optfile = {},
  owner = {holec},
  timestamp = {2015.23.10}
}

@ARTICLE{Brantov_2005_32,
  author = {A. V. Brantov and V. Yu. Bychenkov and W. Rozmus and C. E. Capjack},
  title = {},
  journal = JETP,
  volume = {100},
  optnumber = {},
  pages = {1159},
  year = {2005},
  optfile = {},
  owner = {holec},
  timestamp = {2015.23.10}
}

@ARTICLE{Brantov_2006_33,
  author = {A. V. Brantov and V. Yu. Bychenkov and W. Rozmus and C. E. Capjack},
  title = {},
  journal = IEEETPS,
  volume = {13},
  optnumber = {},
  pages = {738},
  year = {2006},
  optfile = {},
  owner = {holec},
  timestamp = {2015.23.10}
}

@ARTICLE{Epperlein_1990_34,
  author = {E. M. Epperlein},
  title = {},
  journal = PRL,
  volume = {65},
  optnumber = {},
  pages = {2145},
  year = {1990},
  optfile = {},
  owner = {holec},
  timestamp = {2015.23.10}
}

@ARTICLE{Bychenkov_2000_35,
  author = {V. Yu. Bychenkov and W. Rozmus and A. V. Brantov and V. T. Tikhonchuk},
  title = {Theory of filamentation instability and stimulated Brillouin scattering with nonlocal hydrodynamics},
  journal = PoP,
  volume = {7},
  optnumber = {},
  pages = {1511},
  year = {2000},
  optfile = {},
  owner = {holec},
  timestamp = {2015.23.10}
}

@ARTICLE{Landshoff_1949_37,
  author = {R. Landshoff},
  title = {},
  journal = PR,
  volume = {76},
  optnumber = {},
  pages = {904},
  year = {1949},
  optfile = {},
  owner = {holec},
  timestamp = {2015.23.10}
}

@ARTICLE{Landshoff_1951_38,
  author = {R. Landshoff},
  title = {},
  journal = PR,
  volume = {82},
  optnumber = {},
  pages = {442},
  year = {1951},
  optfile = {},
  owner = {holec},
  timestamp = {2015.23.10}
}

@ARTICLE{Brantov_1996_39,
  author = {A. V. Brantov and V. Yu. Bychenkov and V. T. Tikhonchuk and W. Rozmus},
  title = {},
  journal = JETP,
  volume = {83},
  optnumber = {},
  pages = {716},
  year = {1996},
  optfile = {},
  owner = {holec},
  timestamp = {2015.23.10}
}


@ARTICLE{Bickerton_1973_40,
  author = {R. J. Bickerton},
  title = {},
  journal = NF,
  volume = {13},
  optnumber = {},
  pages = {457},
  year = {1973},
  optfile = {},
  owner = {holec},
  timestamp = {2015.23.10}
}

@ARTICLE{Kruer_1979_41,
  author = {W. L. Kruer},
  title = {},
  journal = CPPCF,
  volume = {5},
  optnumber = {},
  pages = {69},
  year = {1979},
  optfile = {},
  owner = {holec},
  timestamp = {2015.23.10}
}

@ARTICLE{Deletterez_1986_42,
  author = {J. Deletterez},
  title = {},
  journal = {Can. J. Phys.},
  volume = {64},
  optnumber = {},
  pages = {932},
  year = {1986},
  optfile = {},
  owner = {holec},
  timestamp = {2015.23.10}
}

@ARTICLE{Benattar_1979_43,
  author = {R. Benattar and C. Popovics and R. Sigel and . J. Virmont},
  title = {},
  journal = PRL,
  volume = {42},
  optnumber = {},
  pages = {766},
  year = {1979},
  optfile = {},
  owner = {holec},
  timestamp = {2015.23.10}
}

@ARTICLE{Fechner_1984_44,
  author = {W. B. Fechner and C. L. Shephard and G. E. Busch and et al.},
  title = {},
  journal = PoF,
  volume = {27},
  optnumber = {},
  pages = {1552},
  year = {1984},
  optfile = {},
  owner = {holec},
  timestamp = {2015.23.10}
}

@ARTICLE{Ehler_1975_45,
  author = {A. W. Ehler},
  title = {},
  journal = JAP,
  volume = {46},
  optnumber = {},
  pages = {2464},
  year = {1975},
  optfile = {},
  owner = {holec},
  timestamp = {2015.23.10}
}

@ARTICLE{Baleo_1976_46,
  author = {E. J. Baleo and I. B. Bernstein},
  title = {},
  journal = PoF,
  volume = {19},
  optnumber = {},
  pages = {1348},
  year = {1976},
  optfile = {},
  owner = {holec},
  timestamp = {2015.23.10}
}

@ARTICLE{Campbell_1977_47,
  author = {E. M. Campbell and R. R. Johnson and F. J. Mayer and et al.},
  title = {},
  journal = PRL,
  volume = {39},
  optnumber = {},
  pages = {274},
  year = {1977},
  optfile = {},
  owner = {holec},
  timestamp = {2015.23.10}
}

@ARTICLE{Yaakobi_1977_48,
  author = {B. Yaakobi and T. C. Bristow},
  title = {},
  journal = PRL,
  volume = {38},
  optnumber = {},
  pages = {350},
  year = {1977},
  optfile = {},
  owner = {holec},
  timestamp = {2015.23.10}
}

@ARTICLE{Yaakobi_1981_49,
  author = {B. Yaakobi and T. Boehly and P. Bourke and et al.},
  title = {},
  journal = OC,
  volume = {39},
  optnumber = {},
  pages = {175},
  year = {1981},
  optfile = {},
  owner = {holec},
  timestamp = {2015.23.10}
}

@ARTICLE{Dahlbacka_1976_50,
  author = {G. H. Dahlbacka},
  title = {},
  journal = BAPS,
  volume = {21},
  optnumber = {},
  pages = {1028},
  year = {1976},
  optfile = {},
  owner = {holec},
  timestamp = {2015.23.10}
}

@ARTICLE{Amiranoff_1979_51,
  author = {F. Amiranoff and R. Fabbro and E. Fabre and et al.},
  title = {},
  journal = PRL,
  volume = {43},
  optnumber = {},
  pages = {522},
  year = {1979},
  optfile = {},
  owner = {holec},
  timestamp = {2015.23.10}
}

@ARTICLE{Young_1978_52,
  author = {F. C. Young and R. R. Whitlock and R. Decoste and et al.},
  title = {},
  journal = APL,
  volume = {30},
  optnumber = {},
  pages = {45},
  year = {1978},
  optfile = {},
  owner = {holec},
  timestamp = {2015.23.10}
}

@ARTICLE{Mead_1981_53,
  author = {W. C. Mead and E. M. Campbell and K. G. Eastbrook and et al.},
  title = {},
  journal = PRL,
  volume = {47},
  optnumber = {},
  pages = {1289},
  year = {1981},
  optfile = {},
  owner = {holec},
  timestamp = {2015.23.10}
}

@ARTICLE{Yaakobi_1984_54,
  author = {B. Yaakobi and J. Delettrez and L. M. Goldman and et al.},
  title = {},
  journal = PoF,
  volume = {27},
  optnumber = {},
  pages = {516},
  year = {1984},
  optfile = {},
  owner = {holec},
  timestamp = {2015.23.10}
}

@ARTICLE{Hauer_1984_55,
  author = {A. Hauer and W. C. Mead and O. Willi and et al.},
  title = {},
  journal = PRL,
  volume = {53},
  optnumber = {},
  pages = {2563},
  year = {1984},
  optfile = {},
  owner = {holec},
  timestamp = {2015.23.10}
}

@ARTICLE{Hass_1977_56,
  author = {R. A. Hass and W. C. Mead and W. L. Kreur and et al.},
  title = {},
  journal = PoF,
  volume = {20},
  optnumber = {},
  pages = {322},
  year = {1977},
  optfile = {},
  owner = {holec},
  timestamp = {2015.23.10}
}

@ARTICLE{Garban_1982_57,
  author = {C. Garban-Labaune and E. Fabre and C. E. Max and et al.},
  title = {},
  journal = PRL,
  volume = {48},
  optnumber = {},
  pages = {1018},
  year = {1982},
  optfile = {},
  owner = {holec},
  timestamp = {2015.23.10}
}

@ARTICLE{Ridgers_1989_59,
  author = {J. N. Rodgers and J. S. De Groot and Z Abbou-Assaleh and et al.},
  title = {},
  journal = PoFB,
  volume = {1},
  optnumber = {},
  pages = {741},
  year = {1989},
  optfile = {},
  owner = {holec},
  timestamp = {2015.23.10}
}

@ARTICLE{Colombant_2005_60,
  author = {D. G. Colombant and W. M. Manheimer and M. Busquet},
  title = {},
  journal = PoP,
  volume = {12},
  optnumber = {072702},
  pages = {},
  year = {2005},
  optfile = {},
  owner = {holec},
  timestamp = {2015.23.10}
}

@ARTICLE{Gregor_2004_61,
  author = {G. Gregor and S. H. Glenzer and J. Knight and et al.},
  title = {},
  journal = PRL,
  volume = {92},
  optnumber = {205006},
  pages = {},
  year = {2004},
  optfile = {},
  owner = {holec},
  timestamp = {2015.23.10}
}

@ARTICLE{Mason_1981_62,
  author = {R. J. Mason},
  title = {},
  journal = PRL,
  volume = {47},
  optnumber = {},
  pages = {652},
  year = {1981},
  optfile = {},
  owner = {holec},
  timestamp = {2015.23.10}
}

@ARTICLE{Belkov_1992_63,
  author = {S. A. Belkov and A. V. Bessarab and I. N. Voronich and et al.},
  title = {},
  journal = SPJETP,
  volume = {74},
  optnumber = {},
  pages = {43},
  year = {1992},
  optfile = {},
  owner = {holec},
  timestamp = {2015.23.10}
}

@ARTICLE{Montgomery_1994_64,
  author = {D. S. Montgomery and O. L. Landen and R. P. Drake and et al.},
  title = {},
  journal = PRL,
  volume = {73},
  optnumber = {},
  pages = {2055},
  year = {1994},
  optfile = {},
  owner = {holec},
  timestamp = {2015.23.10}
}

@ARTICLE{Forslund_1982_65,
  author = {D. W. Forslund and J. U. Brackbill},
  title = {},
  journal = PRL,
  volume = {48},
  optnumber = {},
  pages = {1615},
  year = {1982},
  optfile = {},
  owner = {holec},
  timestamp = {2015.23.10}
}

@ARTICLE{Max_1978_66,
  author = {C. E. Max and W. M. Manheimer and J. J. Thomson},
  title = {},
  journal = PoF,
  volume = {21},
  optnumber = {},
  pages = {128},
  year = {1978},
  optfile = {},
  owner = {holec},
  timestamp = {2015.23.10}
}

@ARTICLE{Town_1994_67,
  author = {R. P. J. Town and M. D. Rosen and P. A. Michel and et al.},
  title = {},
  journal = PoP,
  volume = {18},
  optnumber = {056302},
  pages = {},
  year = {1994},
  optfile = {},
  owner = {holec},
  timestamp = {2015.23.10}
}

@ARTICLE{Aleksandrov_1980_68,
  author = {V. V. Aleksandrov and N. G. Kovalskii and V. P. Silin},
  title = {},
  journal = SPJTEP,
  volume = {52},
  optnumber = {},
  pages = {432},
  year = {1980},
  optfile = {},
  owner = {holec},
  timestamp = {2015.23.10}
}

@ARTICLE{Mason_1979_69,
  author = {R. J. Mason},
  title = {},
  journal = PRL,
  volume = {43},
  optnumber = {},
  pages = {1795},
  year = {1979},
  optfile = {},
  owner = {holec},
  timestamp = {2015.23.10}
}

@ARTICLE{Mishin_1974_70,
  author = {E. V. Mishin},
  title = {},
  journal = SPD,
  volume = {19},
  optnumber = {},
  pages = {140},
  year = {1974},
  optfile = {},
  owner = {holec},
  timestamp = {2015.23.10}
}

@ARTICLE{Zimmerman_1975_72,
  author = {G. P. Zimmerman and W. L. Kruer},
  title = {},
  journal = CPPCF,
  volume = {2},
  optnumber = {},
  pages = {51},
  year = {1975},
  optfile = {},
  owner = {holec},
  timestamp = {2015.23.10}
}

@ARTICLE{Shkarofsky_1979_73,
  author = {I. P. Shkarofsky},
  title = {},
  journal = PRL,
  volume = {42},
  optnumber = {},
  pages = {1342},
  year = {1979},
  optfile = {},
  owner = {holec},
  timestamp = {2015.23.10}
}

@ARTICLE{Albritton_1977_74,
  author = {J. R. Albritton and I. B. Bernstein and E. J. Valeo and E. A. Williams},
  title = {},
  journal = PRL,
  volume = {39},
  optnumber = {},
  pages = {1536},
  year = {1977},
  optfile = {},
  owner = {holec},
  timestamp = {2015.23.10}
}

@ARTICLE{Gurevich_1979_75,
  author = {A. V. Gurevich and Ya. N. Istomin},
  title = {},
  journal = SPJETP,
  volume = {50},
  optnumber = {},
  pages = {470},
  year = {1979},
  optfile = {},
  owner = {holec},
  timestamp = {2015.23.10}
}

@ARTICLE{Gray_1977_76,
  author = {D. R. Gray and J. D. Kilkenny and M. S. White and et al.},
  title = {},
  journal = PRL,
  volume = {39},
  optnumber = {},
  pages = {1270},
  year = {1977},
  optfile = {},
  owner = {holec},
  timestamp = {2015.23.10}
}

@ARTICLE{Manheimer_1977_77,
  author = {W. M. Manheimer},
  title = {},
  journal = PoF,
  volume = {20},
  optnumber = {},
  pages = {256},
  year = {1977},
  optfile = {},
  owner = {holec},
  timestamp = {2015.23.10}
}

@ARTICLE{Lindman_1977_78,
  author = {E. L. Lindman},
  title = {},
  journal = {J. Phys. Colloq. (Paris)},
  volume = {38 (C6)},
  optnumber = {},
  pages = {9},
  year = {1977},
  optfile = {},
  owner = {holec},
  timestamp = {2015.23.10}
}

@ARTICLE{Bychenkov_1982_79,
  author = {V. Yu. Bychenkov and V. P. Silin},
  title = {},
  journal = SPJETP,
  volume = {55},
  optnumber = {},
  pages = {1086},
  year = {1982},
  optfile = {},
  owner = {holec},
  timestamp = {2015.23.10}
}

@ARTICLE{Bychenkov_1982_80,
  author = {V. Yu. Bychenkov and O. M. Gradov and V. P. Silin},
  title = {},
  journal = SPJETP,
  volume = {56},
  optnumber = {},
  pages = {1202},
  year = {1982},
  optfile = {},
  owner = {holec},
  timestamp = {2015.23.10}
}

@ARTICLE{Shvarts_1981_81,
  author = {D. Shvarts and J. Dellettres and R. L. McCrory and C. P. Verdon},
  title = {},
  journal = PRL,
  volume = {47},
  optnumber = {},
  pages = {247},
  year = {1981},
  optfile = {},
  owner = {holec},
  timestamp = {2015.23.10}
}

@ARTICLE{Gray_1980_82,
  author = {D. R. Gray and J. D. Kilkenny},
  title = {},
  journal = {Plasma Phys},
  volume = {22},
  optnumber = {},
  pages = {81},
  year = {1980},
  optfile = {},
  owner = {holec},
  timestamp = {2015.23.10}
}

@ARTICLE{Bell_1981_83,
  author = {A. R. Bell and R. G. Evans and D. J. Nicholas},
  title = {},
  journal = PRL,
  volume = {46},
  optnumber = {},
  pages = {243},
  year = {1981},
  optfile = {},
  owner = {holec},
  timestamp = {2015.23.10}
}

@ARTICLE{Mora_1982_84,
  author = {P. Mora and H. Yahi},
  title = {},
  journal = PRA,
  volume = {26},
  optnumber = {},
  pages = {2259},
  year = {1982},
  optfile = {},
  owner = {holec},
  timestamp = {2015.23.10}
}

@ARTICLE{Mora_1994_85,
  author = {P. Mora and J. E. Luciani},
  title = {},
  journal = LPB,
  volume = {12},
  optnumber = {},
  pages = {387},
  year = {1994},
  optfile = {},
  owner = {holec},
  timestamp = {2015.23.10}
}

@ARTICLE{Livne_1985,
  author = {E. Livne and A. Glasner},
  title = {A Finite Difference Scheme for the Heat Conduction Equation},
  journal = JCP,
  volume = {58},
  optnumber = {},
  pages = {59-66},
  year = {1985},
  optfile = {},
  owner = {holec},
  timestamp = {2015.23.10}
}

@ARTICLE{Holec_DGBGKT_2016,
  author = {M. Holec and J. Limpouch and R. Liska and S. Weber},
  title = {High-Order Discontinuous {G}alerkin Nonlocal Transport and Energy Equations Scheme for Radiation Hydrodynamics},
  journal = IJNMF,
  volume = {83},
  pages = {779},
  year = {2017}
}

@ARTICLE{Holec_PoPNTH2017,
  author = {M. Holec and J. Nikl and S. Weber},
  title = {Nonlocal Transport Hydrodynamic Model for Laser Heated Plasmas},
  journal = PoP,
  volume = {submitted},
  pages = {},
  year = {2017}
}

@ARTICLE{Shashkov_diffusion_1996,
  author = {M. Shashkov and S. Steinberg},
  title = {Solving Diffusion Equations with Rough Coeffi-
  cients in Rough Grids},
  journal = JCP,
  volume = {129},
  optnumber = {},
  pages = {383-405},
  year = {1996},
  optfile = {},
  owner = {holec},
  timestamp = {2015.23.10}
}

@ARTICLE{PHMaire_DG_2011,
  author = {F. Vilar and P. H. Maire and R. Abgrall},
  title = {Cell-centered discontinuous {G}alerkin discretizations for two-dimensional scalar conservation laws on unstructured grids and for one-dimensional {L}agrangian hydrodynamics},
  journal = CaF,
  volume = {46},
  optnumber = {1},
  pages = {498-504},
  year = {2011},
  optfile = {},
  owner = {holec},
  timestamp = {2015.23.10}
}

@ARTICLE{Ragusa_DG_2009,
  author = {Y. Wang and J. C. Ragusa},
  title = {A high-order discontinuous {G}alerkin method for the {S}n transport equations on {2D} unstructured triangular meshes},
  journal = ANE,
  volume = {36},
  optnumber = {7},
  pages = {931-939},
  year = {2009},
  optfile = {},
  owner = {holec},
  timestamp = {2015.23.10}
}

@ARTICLE{Ragusa_DG_2011,
  author = {R. Sanchez and J. Ragusa},
  title = {On the construction of {G}alerkin angular quadratures},
  journal = NSE,
  volume = {169},
  optnumber = {2},
  pages = {133-154},
  year = {2011},
  optfile = {},
  owner = {holec},
  timestamp = {2015.23.10}
}

@ARTICLE{Gimelshein_DG_2012,
  author = {A. Alekseenko and N. Gimelshein and S. Gimelshein },
  title = {An application of Discontinuous {G}alerkin space and velocity discretisations to the solution of a model kinetic equation},
  journal = IJCFD,
  volume = {26},
  optnumber = {3},
  pages = {145-161},
  year = {2012},
  optfile = {},
  owner = {holec},
  timestamp = {2016.30.08}
}

@ARTICLE{Alekseenko_DG_2011,
  author = {A. Alekseenko},
  title = {Numerical properties of high order discrete velocity solutions to the {BGK} kinetic equation},
  journal = APNUM,
  volume = {61},
  optnumber = {4},
  pages = {410-427},
  year = {2011},
  optfile = {},
  owner = {holec},
  timestamp = {2016.30.08}
}

@ARTICLE{Gamba_DG_2014,
  author = {Y. Cheng and I.M. Gamba and Fengyan Li and P.J. Morrison},
  title = {Discontinuous {G}alerkin Methods for {V}lasov-{M}axwell Equations},
  journal = SINUM,
  volume = {52},
  optnumber = {2},
  pages = {1017-1049},
  year = {2014},
  optfile = {},
  owner = {holec},
  timestamp = {2016.30.08}
}

@ARTICLE{Mieussens_DG_2000,
  author = {L. Mieussens},
  title = {Discrete-velocity models and numerical schemes for the {Boltzmann-BGK} equation in plane and axisymmetric geometries},
  journal = JCP,
  volume = {162},
  optnumber = {},
  pages = {429-466},
  year = {2000},
  optfile = {},
  owner = {holec},
  timestamp = {2016.30.08}
}

@ARTICLE{MULTI2D_2009,
  author = {R. Ramis and J. Meyer-ter-Vehn and J. Ramirez},
  title = {{MULTI2D} – a computer code for two-dimensional radiation hydrodynamics},
  journal = CPC,
  volume = {180},
  pages = {977-994},
  year = {2009},
  optfile = {},
  owner = {holec},
  timestamp = {2015.23.10}
}

@ARTICLE{MULTIIFE_2016,
  author = {R. Ramis and J. Meyer-ter-Vehn},
  title = {{MULTI-IFE} a one-dimensional computer code for inertial fusion energy ({IFE}) target simulations},
  journal = CPC,
  volume = {203},
  pages = {226-237},
  year = {2016},
  optfile = {},
  owner = {holec},
  timestamp = {2016.29.08}
}

@ARTICLE{Arnold_quad_elements_2002,
  author = {D.N. Arnold and D. Boffi and R.S. Falk},
  title = {Approximation by quadrilateral finite elements},
  journal = MC,
  volume = {71},
  optnumber = {239},
  pages = {909-922},
  year = {2002},
  optfile = {},
  owner = {holec},
  timestamp = {2016.12.07}
}

@ARTICLE{Boffi_Q2P1_2002,
  author = {D. Boffi and L. Gastaldi},
  title = {On the quadrilateral {Q2-P1} element for the {S}tokes problem},
  journal = IJNMF,
  volume = {39},
  optnumber = {},
  pages = {1001-1011},
  year = {2002},
  optfile = {},
  owner = {holec},
  timestamp = {2015.23.10}
}

@ARTICLE{Kagan_2012,
  author = {G. Kagan and X.Z. Tang},
  title = {Electro-diffusion in a plasma with two ion species},
  journal = PoP,
  volume = {19},
  optnumber = {},
  pages = {082709},
  year = {2012},
  optfile = {},
  owner = {holec},
  timestamp = {2015.23.10}
}

@ARTICLE{Kagan_2014,
  author = {G. Kagan and X.Z. Tang},
  title = {Thermo-diffusion in inertially confined plasmas},
  journal = PLA,
  volume = {378},
  optnumber = {},
  pages = {1531-1535},
  year = {2014},
  optfile = {},
  owner = {holec},
  timestamp = {2015.23.10}
}

@ARTICLE{Larroche_2012,
  author = {O. Larroche},
  title = {Ion {F}okker-{P}lanck simulation of {D}-$^3${H}e gas target implosions},
  journal = PoP,
  volume = {19},
  optnumber = {},
  pages = {122706},
  year = {2012},
  optfile = {},
  owner = {holec},
  timestamp = {2015.23.10}
}

@ARTICLE{Larroche_2013,
  author = {O. Larroche},
  title = {Comment on “{S}pecies separation in inertial confinement fusion fuels” [{P}hys. {P}lasmas 20, 012701 (2013)]},
  journal = PoP,
  volume = {20},
  optnumber = {},
  pages = {044701},
  year = {2013},
  optfile = {},
  owner = {holec},
  timestamp = {2015.23.10}
}

@ARTICLE{,
  author = {},
  title = {},
  journal = {},
  volume = {},
  optnumber = {},
  pages = {},
  year = {},
  optfile = {},
  owner = {holec},
  timestamp = {2015.23.10}
}

@ARTICLE{,
  author = {},
  title = {},
  journal = {},
  volume = {},
  optnumber = {},
  pages = {},
  year = {},
  optfile = {},
  owner = {holec},
  timestamp = {2015.23.10}
}

@ARTICLE{RT_Su_1997,
  author = {B. Su and G. L. Olson},
  title = {An Analytical Benchmark for Non-Equilibrium Radiative Transfer in
  an Isotropically Scattering Medium},
  journal = ANE,
  volume = {24},
  optnumber = {},
  pages = {1035-1055},
  year = {1997},
  optfile = {},
  owner = {holec},
  timestamp = {2015.23.10}
}

@ARTICLE{RT_Morel_2000,
  author = {J. E. Morel},
  title = {Diffusion-limit asymptotics of the transport equation,
  the {P1/3} equations, and two flux-limited diffusion theories},
  journal = JQSRT,
  volume = {65},
  optnumber = {},
  pages = {769-778},
  year = {2000},
  optfile = {},
  owner = {holec},
  timestamp = {2015.23.10}
}

@ARTICLE{RT_Minerbo_1978,
  author = {G. N. Minerbo},
  title = {Maximum Entropy Eddington Factors},
  journal = JQSRT,
  volume = {20},
  optnumber = {},
  pages = {541},
  year = {1978},
  optfile = {},
  owner = {holec},
  timestamp = {2015.23.10}
}

@ARTICLE{RT_Levermore_1981,
  author = {C. D. Levermore and G. C. Pomraning},
  title = {A Flux-Limited Diffusion Theory},
  journal = ApJ,
  volume = {248},
  optnumber = {},
  pages = {321},
  year = {1981},
  optfile = {},
  owner = {holec},
  timestamp = {2015.23.10}
}

@TECHREPORT{NRL,
  author = {J. D. Huba},
  title = {{NRL PLASMA FORMULARY}},
  institution = {Naval Research Laboratory, Washington, D.C.},
  number = {},
  year = {2011},
  owner = {holec},
  timestamp = {2015.23.10}
}

@TECHREPORT{RT_Levermore_1979,
  author = {C. D. Levermore},
  title = {A {C}hapman-{E}nskog Approach to Flux-Limited Diffusion Theory},
  institution = {{L}awrence {L}ivermore National Laboratory, Livermore, CA},
  number = {{UCID-18229}},
  year = {1979},
  owner = {holec},
  timestamp = {2015.23.10}
}

@TECHREPORT{RT_Olson_2000,
  author = {G. L. Olson and L. H. Auer and M. L. Hall},
  title = {Diffusion, {P1}, and Other Approximate Forms of Radiation Transport},
  year = {2000},
  institution = {{L}os {A}lamos National Laboratory, Los Alamos, NM},
  number = {{LA-UR-99-471}},
  owner = {holec},
  timestamp = {2015.23.10}
}

@ARTICLE{RT_Simmons_1999,
  author = {K. H. Simmons and D. Mihalas},
  title = {A Linearized Analysis of the Modified {P1} Equations},
  journal = JQSRT,
  volume = {66},
  optnumber = {},
  pages = {263-269},
  year = {2000},
  optfile = {},
  owner = {holec},
  timestamp = {2015.23.10}
}

@TECHREPORT{RT_Freeman_1968,
  author = {B. E. Freeman and L. E. Hauser and J. T. Palmer and  S.O. Pickard and G. M. Simmons and D. G. Williston and J. E. Zerkle},
  title = {The {VERA} code: {A} one dimensional radiation hydrodynamics code},
  institution = {{DASA}, Volume I. La Jolla: Systems, Science, and Software, Inc.},
  year = {1968},
  number = {{2135}},
  owner = {holec},
  timestamp = {2015.23.10}
}

@TECHREPORT{RT_Kershaw_1976,
  author = {D. S. Kershaw},
  title = {Flux Limiting Nature's Own Way},
  institution = {{L}awrence {L}ivermore National Laboratory},
  year = {1976},
  number = {{UCRL-78378}},
  owner = {holec},
  timestamp = {2015.23.10}
}

@ARTICLE{Boltzmann_1872,
  author = {L. Boltzmann},
  title = {Weitere Studien uber das Warmegleichgewicht unter Gasmolekulen},
  journal = {Sitzungsberichte Akademie der Wissenschaften},
  volume = {66},
  optnumber = {},
  pages = {275-370},
  year = {1872},
  optfile = {},
  owner = {holec},
  timestamp = {2015.23.10}
}

@ARTICLE{CFL_1928,
  author = {R. Courant and K. Friedrichs and H. Lewy},
  title = {Uber die partiellen Differenzengleichungen der mathematischen Physik},
  journal = {Mathematische Annalen},
  volume = {100},
  optnumber = {1},
  pages = {32-74},
  year = {1928},
  optfile = {},
  owner = {holec},
  timestamp = {2016.29.08}
}

@ARTICLE{Buchler_1983,
  author = {J. R. Buchler},
  title = {Radiation transfer in the fluid frame},
  journal = JQSRT,
  volume = {30},
  optnumber = {5},
  pages = {395},
  year = {1983},
  optfile = {},
  owner = {holec},
  timestamp = {2015.23.10}
}

@ARTICLE{Buchler_1986_addendum,
  author = {J. R. Buchler},
  title = {Radiation transfer in the fluid frame: an addendum},
  journal = JQSRT,
  volume = {36},
  optnumber = {5},
  pages = {441},
  year = {1986},
  optfile = {},
  owner = {holec},
  timestamp = {2015.23.10}
}

STEFAN's BIB
@Book{alexeev2015,
  title     = "{Unified Non-Local Theory of Transport Processes: Generalized Boltzmann Physical Kinetics}",
  publisher = "Elsevier Science \& Technology, Amsterdam, Netherlands",
  year      = "2015",
  author    = "{B.V. Alexeev}"
}

@Book{atzeni2004,
  title     = "The physic of inertial fusion",
  publisher = "Clarendon Press, Oxford, United Kingdom",
  year      = "2004",
  author    = "S. Atzeni and J. {Meyer-ter-Vehn}"
}

@ARTICLE{atzeni2014,
   title   ="Shock ignition of thermonuclear fuels: principles and modelling", 
   author  = "S. Atzeni and X. Ribeyre and G. Schurtz and A. Schmitt 
              and B. Canaud and R. Betti and L. Perkins",
   year    = "2014",
   journal = "Nucl.\ Fusion",
   volume  = "54",
   pages   = "054008"
}

@ARTICLE{batani2014a,
   title   = "Physics issues for shock ignition",
   author  = "D. Batani and S. Baton and A. Casner and S. Depierreux and 
              M. Hohenberger and O. Klimo and M. Koenig and 
              C. Labaune and X. Ribeyre and C. Rousseaux and G. Schurtz 
              and W. Theobald and V. Tikhonchuk",
   year    = "2014",
   journal = "Nucl.\ Fusion",
   volume  = "54",
   pages   = "054009"
}

@ARTICLE{batani2014b,
   title   = "Generation of high pressure shocks relevant to the shock-ignition intensity regime",
   author  = "D. Batani and L. Antonelli and G. Folpini and Y. Maheut and L. Giuffrida and G. Malka and Ph. Nicolai and X. Ribeyre
              and M. Richetta and T. Levato and F. Baffigi and P. Koester and L. Labate and L.A. Gizzi and J. Nejdl 
              and  M. Sawicka and D. Margarone and A. Velyhan and M. Krus and O. Renner and M. Smid and E. Krousky and 
              J. Skala and R. Dudzak, J. Ullschmied and Ch. Spindloe and T. O'Dell and R.de Angelis and  
              F. Consoliand T. Vinci and M. Rosinski and J. Badziak an T. Pisarczyk and Z. Kalinowska and 
              T. Chodukowski and Y.J. Rhee and A. Marocchino and A. Schiavi an S.Atzeni",
   year    = "2014",
   journal = "Phys.\ Plasmas",
   volume  = "21",
   pages   = "032710"
}

@article{bahk2004,
  title   = "Generation and characterization of the highest laser intensities {($10^{22} {\rm W/cm^2}$)}",
  journal = "Optics Lett.",
  volume  = "29",
  pages   = "2837",
  year    = "2004",
  author  = "{S.-W.} Bahk and P. Rousseau and {T.A}. Planchon and V. Chvykov and G. Kalintchenko and A. Maksimchuk and {G.A.} 
             Mourou and V. Yanovsky"
}

@ARTICLE{batishchev2002,
   author  = "O.V. Batishchev and V.Yu. Bychenkov and F. Detering and W. Rozmus and 
              R. Sydora and C.E. Capjack and V.N. Novikov",
   title   = "Heat transport and electron distribution function in laser produced plasmas with hot spots",
   year    = "2002",
   journal = "Phys.\ Plasmas",
   volume  = "9",
   pages   = "2302"
}

@article{betti2007,
  title   = "Shock Ignition of Thermonuclear Fuel with High Areal Density",
  journal = "Phys. Rev. Lett.",
  volume  = "98",
  pages   = "155001",
  year    = "2007",
  author  = "R. Betti and C.D. Zhou and K.S. Anderson and L.J. Perkins and W. Theobald and A.A. Solodov"
}

@article{betti2016,
  title   = "Inertial-confinement fusion with lasers",
  journal = "Nature Phys.",
  volume  = "12",
  pages   = "435",
  year    = "2016",
  author  = "R. Betti and O.A. Hurricane"
}

@Book{brabec2008,
  title     = "Strong field laser physics",
  publisher = "Springer Verlag",
  year      = "2008",
  editor    = "T. Brabec"
}

@ARTICLE{brantov1996,
   author  = "A.V. Brantov and V.Yu. Bychenkov and V.T. Tikhonchuk and W. Rozmus",
   title   = "Nonlocal plasma electron hydrodynamics",
   year    = "1996",
   journal = "JETP",
   volume  = "83",
   pages   = "716"
}

@ARTICLE{brantov1998,
   author  = "A.V. Brantov and V.Yu. Bychenkov and V.T. Tikhonchuk and W. Rozmus",
   title   = "Nonlocal electron transport in laser heated plasmas", 
   year    = "1998",
   journal = "Phys.\ Plasmas",
   volume  = "5",
   pages   = "2742"
}

@ARTICLE{brantov2013,
   author  = "A.V. Brantov and V.Yu. Bychenkov",
   title   = "{Nonlocal transport in hot plasmas. Part I}", 
   year    = "2013",
   journal = "Plasma Phys. Rep.",
   volume  = "39",
   pages   = "698"
}

@ARTICLE{brantov2014,
   author  = "A.V. Brantov and V.Yu. Bychenkov",
   title   = "{Nonlocal transport in hot plasmas. Part II}", 
   year    = "2014",
   journal = "Plasma Phys. Rep.",
   volume  = "40",
   pages   = "505"
}

@article{brueckner1974,
  title = {Laser-driven fusion},
  author = {K. Brueckner and S. Jorna},
  journal = {Rev. Mod. Phys.},
  volume = {46},
  pages = {325},
  year = {1974}
}

@article{bulanov2015,
  title   = "On the problems of relativistic laboratory astrophysics and 
             fundamental physics with super powerful lasers",
  journal = "Plasma Phys. Rep.",
  volume  = "41",
  pages   = "1",
  year    = "2015",
  author  = "S. Bulanov and T.Zh. Esirkepov and M. Kando and J. Koga and 
             K. Kondo and G. Korn"
}

@ARTICLE{bychenkov1995,
   author  = "V.Yu. Bychenkov and W. Rozmus and V.T. Tikhonchuk and A.V. Brantov",
   title   = "Nonlocal Electron Transport in a Plasma",
   year    = "1995",
   journal = "Phys.\ Rev.\ Lett.",
   volume  = "75",
   pages   = "4405"
}

@ARTICLE{bychenkov1998,
   author  = "V.Yu. Bychenkov and V.N.Novikov and V.T. Tikhonchuk",
   title   = "Theory of nonlocal transport for small perturbations in a plasma",
   year    = "1998",
   journal = "JETP",
   volume  = "87",
   pages   = "916"
}

@ARTICLE{delsorbo2015,
   author  = "D. DelSorbo and  {J.-L.} Feugeas and P. Nicoolai and M. Olazabal-Loume and B. Dubroca 
              and S. Guisset and M. Touati and V. Tikhonchuk",
   title   = "Reduced entropic model for studies of multidimensional nonlocal transport in high-energy-density plasmas",
   year    = "2015",
   journal = "Phys. Plasmas",
   volume  = "22",
   pages   = "082706"
}

@ARTICLE{delcastillonegrete2006,
   author  = "{D. del-Castillo-Negrete}",
   title   = "Fractional diffusion models of nonlocal transport",
   year    = "2006",
   journal = "Phys. Plasmas",
   volume  = "13",
   pages   = "082308"
}

@ARTICLE{delsorbo2016,
   author  = "D. DelSorbo and  {J.-L.} Feugeas and P. Nicoolai and M. Olazabal-Loume and B. Dubroca and V. Tikhonchuk",
   title   = "Extension of a reduced entropic model of electron transport 
              to magnetized nonlocal regimes of high-energy-density plasmas",
   year    = "2016",
   journal = "Laser Part. Beams",
   volume  = "34",
   pages   = "412"
}

@Article{dipiazza2012,
  author = 	 {A. {DiPiazza} and C. M\"uller and K. Z. Hatsagortsyan and C. H. Keitel},
  title = 	 {Extremely high-intensity laser interactions with 
                  fundamental quantum systems},
  journal = 	 {Rev.\ Mod.\ Phys.},
  year = 	 {2012},
  volume = 	 {84},
  pages = 	 {1177}
}

@Book{doe2009,
  title     = "Basic research needs for high energy density density 
               laboratory physics",
  publisher = "US Department of Energy",
  year      = "2009",
  author    = "{DOE Office of Science and National Nuclear Security 
               Administration}"
}

@Book{drake2006,
  title     = "{High-Energy-Density-Physics: Fundamentals, Inertial Fusion, 
                and Experimental Astrophysics}",
  publisher = "Springer Verlag Berlin, Germany",
  year      = "2006",
  author    = "R.P. Drake"
}

@Misc{eli2,
  note = 	 {{Extreme Light Infrastructure Beamlines: http://www.eli-beams.eu}}
}

@Misc{eli1,
  note = 	 {{Extreme Light Infrastructure: http://www.eli-laser.eu}}
}

@ARTICLE{epperlein1990,
   author  = "E. M. Epperlein",
   title   = "Kinetic theory of laser filamentation in plasmas",
   year    = "1990",
   journal = PRL,
   volume  = "65",
   pages   = "2145"
}

@ARTICLE{epperlein1991,
   author  = "E. M. Epperlein and R.W. Short",
   title    = "A practical nonlocal model for electron heat transport in laser plasmas ",
   year    = "1991",
   journal = PoFB,
   volume  = "3",
   pages   = "3092"
}

@ARTICLE{epperlein1992,
   author  = "E. M. Epperlein and R.W. Short",
   title   = "Nonlocal heat transport effects on the filamentation of light in plasmas",
   year    = "1992",
   journal = PoFB,
   volume  = "4",
   pages   = "2211"
}

@Article{epperlein1994,
   author  = "E. M. Epperlein",
   title   = "Effect of electron collisions on ion-acoustic waves and heat flow",
   journal = "Physics of Plasmas",
   year    = "1994",
   volume  = "1",
   number  = "1",
   pages   = "109",
}


@ARTICLE{esirkepov2014,
   author  = "T.Zh. Esirkepov and J.K. Koga and A. Sunahara and T. Morita and M. Nishikino and K. Kageyama and  H. Nagatomo 
               and K. Nishihara and A. Sagisaka and H. Kotaki and  T. Nakamura and Y. Fukuda and H. Okada and A.S. Pirozhkov and 
               A. Yogo and M. Nishiuchi and H. Kiriyama and K. Kondo and M. Kando and S.V. Bulanov",
   title   = "Prepulse and amplified spontaneous emission effects on the interaction of a petawatt class laser with thin solid targets",
   year    = "2014",
   journal = NIMA,
   volume  = "745",
   pages   = "150"
}

@article{holec2016,
  title   = "High-order discontinuous Galerkin nonlocal transport and energy
             equations scheme for radiation hydrodynamics",
  journal = IJNMF,
  doi     = "10.1002/fld.4288",
  year    = "2016",
  author  = "M. Holec and J. Limpouch and R. Liska and S. Weber"
}

@article{holec2017,
  title   = "Nonlocal electron and radiation transport hydrodynamic model and its effect on 
             high-power laser pre-pulse physics simulations",
  journal = PoP,
  year    = "2017",
  author  = "M. Holec and J. Nikl and M. Vranic and S. Weber and G. Korn"
}

@ARTICLE{kirkwood2013,
   title   = "A review of laser-plasma interaction physics of 
             indirect-drive fusion",
   author  = "R.K. Kirkwood and J.D. Moody and J. Kline and E. Dewald and 
              S. Glenzer and L. Divol and P. Michel and D. Hinkel
              and R. Berger and E. Williams and J. Milovich and L. Yin 
              and H. Rose and B. MacGowan and O. Landen and 
              M. Rosen and J. Lindl",
   year    = "2013",
   journal = PPCF,
   volume  = "55",
   pages   = "103001"
}

@Book{lebedev2007,
  title     = "{High Energy Density Laboratory Astrophysics}",
  publisher = "Springer Verlag Berlin, Germany",
  year      = "2007",
  editor    = "{S.V. Lebedev}"
}

@article{legarrec2014,
  title   = "ELI-beamlines: extreme light infrastructure science and 
             technology with ultra-intense lasers",
  journal = "Proc. SPIE",
  volume  = "8962",
  pages   = "8962OI",
  year    = "2014",
  author  = "B. LeGarrec and S. Sebban and D. Margarone and M. Precek and 
             S. Weber and O. Klimo and G. Korn and B. Rus"
}

@ARTICLE{luciani1983,
   author  = "J.F. Luciani and P. Mora and J. Virmont",
   title   = "Nonlocal Heat Transport Due to Steep Temperature Gradients",
   year    = "1983",
   journal = PRL,
   volume  = "51",
   pages   = "1664"
}

@article{marklund2006,
  title   = "Nonlinear collective effects in photon-photon and photon-plasma interactions",
  journal = "Rev. Mod. Phys.",
  volume  = "78",
  pages   = "591",
  year    = "2006",
  author  = "M. Marklund and {P.K.} Shukla"
}

@article{marocchino2013,
  title   = "Comparison for non-local hydrodynamic thermal conduction models",
  journal = PoP,
  volume  = "20",
  pages   = "022702",
  year    = "2013",
  author  = "{A. Marocchino and M. Tzoufras and S. Atzeni and A. Schiavi and Ph. Nicolai and J. Mallet and V. Tikhonchuk and J.-L. Feugeas}"
}

@article{marocchino2014,
  title   = "Effects of non-local electron transport in one-dimensional and two-dimensional simulations of shock-ignited
             inertial confinement fusion targets",
  journal = PoP,
  volume  = "21",
  pages   = "012701",
  year    = "2014",
  author  = "A. Marocchino and S. Atzeni and A. Schiavi"
}

@Article{mourou1998,
  author = 	 {G.A. Mourou and C.P.J. Barty and M.D. Perry},
  title = 	 {Ultrahigh-Intensity Lasers: Physics of the Extreme on 
                  a Tabletop},
  journal = 	 {Phys.\ Today},
  year = 	 {1998},
  volume = 	 {51},
  pages = 	 {22}
}

@Article{mourou2006,
  author = 	 {G.A. Mourou and T. Tajima and S. Bulanov},
  title = 	 {Optics in the relativistic regime},
  journal = 	 {Rev.\ Mod.\ Phys.},
  year = 	 {2006},
  volume = 	 {78},
  pages = 	 {309}
}

@Book{mourou2011,
  title     = "ELI Extreme Light Infrastructure (Whitebook)",
  publisher = "THOSS Media GmbH, Berlin, Germany",
  year      = "2011",
  editor    = "G. Mourou and G. Korn and W. Sandner and J. Collier"
}

@Article{prasad1989,
  author = 	 {M. Prasad and D. Kershaw},
  title = 	 {Nonviability of some nonlocal electron heat transport modeling},
  journal =  PoFB,
  year = 	 {1989},
  volume = 	 {1},
  pages = 	 {2430}
}

@Article{prasad1991,
  author = 	 {M. Prasad and D. Kershaw},
  title = 	 {Stable solutions of nonlocal electron heat transport equations},
  journal =  PoFB,
  year = 	 {1991},
  volume = 	 {3},
  pages = 	 {3087}
}

@article{riconda2016,
  title   = "Raman-{B}rillouin interplay for inertial confinement fusion 
             relevant laser-plasma interaction",
  journal = "High Power Laser Sci. Eng.",
  volume  = "4",
  pages   = "e23",
  year    = "2016",
  author  = "C. Riconda and S. Weber"
}

@article{rus2015,
  title   = "ELI-beamlines: development of next generation short-pulse laser 
             systems",
  journal = "Proc. SPIE",
  volume  = "9515",
  pages   = "9515OF",
  year    = "2015",
  author  = "B. Rus and P. Bakule and D. Kramer and  
             J. Naylon and J. Thoma and J. T. Green and R. Antipenkov and 
             M. Fibrich and J. Novak and F. Batysta and T. Mazanec and 
             M. A. Drouin and K. Kasl and R. Base and D. Peceli and 
             L. Koubikova and P. Trojek and R. Boge and J. C. Lagron and 
             S. Vyhlidka and J. Weiss and J, Cupal and J. Hrebicek and 
             P. Hribek and M. Durak and J. Polan and M. Koselja and 
             G. Korn and M. Horacek and J. Horacek and B. Himmel and 
             T. Havlicek and A. Hons and P. Korou and; M. Laub and 
             C. Haefner and A. Bayramia and; T. Spinka and 
             C. Marshall and G. Johnson and S. Telford and J. Horner and 
             B. Deri and T. Metzger and M. Schultze and P. Mason and 
             K. Ertel and A. Lintern and J. Greenhalgh and C. Edwards and 
             C. Hernandez-Gomez and J. Collier and T, Ditmire and 
             E. Gaul and M. Martinez and C. Frederickson and 
             D. Hammond and C. Malato and W. White and J. Houzvicka"
}

@Article{salamin2006,
  author = 	 {Y.I. Salamin and S.X. Hu and K.Z. Hatsagortsyan 
                  and C.H. Keitel},
  title = 	 {Relativistic high-power laser-matter interaction},
  journal = 	 {Phys.\ Reports},
  year = 	 {2006},
  volume = 	 {427},
  pages = 	 {41}
}

@Book{samko1993,
  title     = "Fractional Integrals and Derivatives",
  publisher = "Gordon and Breach Science Publishers, Amsterdam",
  year      = "1993",
  author    = "S.G. Samko and A.A. Kilbas and O.I. Marichev"
}

@Article{schurtz2000,
  author = 	 {G. Schurtz and P. Nicolai and M. Busquet},
  title = 	 {A nonlocal electron conduction model for multidimensional radiation hydrodynamics codes},
  journal =  PoP,
  year = 	 {2000},
  volume = 	 {4238},
  pages = 	 {7}
}

@ARTICLE{senecha1991,
   author  = "V.K. Senecha and A.V. Brantov and V.Yu. Bychenkov and V.T. Tikhonchuk",
   title   = "Temperature relaxation in hot spots in a laser-produced plasma",
   year    = "1991",
   journal = PRE,
   volume  = "57",
   pages   = "978"
}

@ARTICLE{silin1996,
   author  = "V.P. Silin",
   title   = "Theory of Nonlocal Transport in Laser Produced Plasmas",
   year    = "1996",
   journal = "Physica Scripta",
   volume  = "T63",
   pages   = "148"
}

@ARTICLE{spitzer1953,
   author  = "{L. Spitzer, Jr. and R. H\"arm}",
   title   = "Transport Phenomena in a Completely Ionized Gas",
   year    = "1953",
   journal = PR,
   volume  = "89",
   pages   = "977"
}

@article{temporal2014,
  title   = "Irradiation uniformity at the Laser MagaJoule facility in 
             the context of the shock ignition scheme",
  journal = "High Power Laser Sci. Eng.",
  volume  = "2",
  pages   = "e8",
  year    = "2014",
  author  = "M. Temporal and B. Canaud and W.J. Garbett and R. Ramis
             and S. Weber"
}

@article{tikhonchuk2015,
  title = {Physics of laser-plasma interaction for shock ignition of fusion reactions},
  author = {V.T. Tikhonchuk and A. Colaitis and A. Vallet and E. {Llor Aisa} and G. Duchateau and {Ph. Nicolai} and X. Ribeyre},
  journal = PPCF,
  year = {2015},
  volume = {58},
  pages = {014018}
}

@article{vidal1995,
  title = {Modeling and effects of non local electron heat flow in planar shock waves},
  author = {F. Vidal and J.-P. Matte and M. Casanova and O. Larroche},
  journal = PoP,
  year = {1995},
  volume = {2},
  pages = {1412}
}

@article{weber2004,
  Author  = {S. Weber and G. Riazuelo and P. Michel and R. Loubere and F. Walraet and {V.T.} Tikhonchuk and 
             V. Malka and J. Ovadia and G. Bonnaud},
  Title   = {{Modeling of laser-plasma interaction on hydrodynamic scales: Physics development and comparison with experiments}},
  Journal = {{Laser Part. Beams}},
  Year    = {{2004}},
  Volume  = {{22}},
  pages   = {{189}}
}

@article{weber2005,
  Author  = {S. Weber and {P.-H.} Maire and R. Loubere and  G. Riazuelo and P. Michel and {V.T.} Tikhonchuk and J. Ovadia},
  Title   = {{Modeling of {laser-plasma} interaction on hydrodynamic scales: Physics development and comparison with experiments}},
  Journal = {{Comp. Phys. Comm.}},
  Year    = {{2005}},
  Volume  = {{168}}, 
  pages   = {{141}}
}

@article{weber2015,
  title   = "Temperature dependence of parametric instabilities in the 
             context of the shock-ignition approach to inertial
             confinement fusion",
  journal = "High Power Laser Sci. Eng.",
  volume  = "3",
  pages   = "e6",
  year    = "2015",
  author  = "S. Weber and C. Riconda"
}

@article{weber2017,
  title   = "{P3: an installation for high-energy density plasma physics and ultra-high 
              intensity laser-matter interaction at ELI-Beamlines}",
  journal = "{Matter Rad. Extremes (submitted)}",
  year    = "2017",
  volume  = "",
  pages   = "",
  author  = "S. Weber and S. Bechet and S. Borneis and L. Brabec and M. Bu\u{c}ka and E. Chacon-Golcher and M. Ciappina and  
             M. DeMarco and A. Fajstavr and K. Falk and E.-R. Garcia and J. Grosz and Y.-J. Gu and J.-C. Hernandez and M. Holec and 
             P. Jane\u{c}ka and M. Janta\u{c} and M. Jirka and H. Kadlecova and D. Khikhlukha and O. Klimo and G. Korn and 
             D. Kramer and D. Kumar and T. Lastovi\u{c}ka and P. Lutoslawski and L. Morejon and V. Ol\u{s}ovcov\'a and M. Rajdl and 
             O. Renner and B. Rus and S. Singh and M. \u{S}mid and M. Sokol and R. Versaci and R. Vr\'ana and M. Vranic and 
             J. Vysko\u{c}il and A. Wolf and Q. Yu"
}

@Misc{frac,
  note = {Non-local transport can be cast in the framework of fractional mathematics \cite{delcastillonegrete2006,samko1993}. 
For a standard diffusive transport the relationship between mean displacement $<\Delta x>$ per unit time $<\Delta t>$ is 
$ < \Delta x >  \sim  ( \Delta t )^{1/2} $. In the case of non-local transport one has: 
$< \Delta x >^{2\alpha}  \sim  ( \Delta t )^{\beta}$, with $\alpha\,,\beta$ 
numbers depending on the kind of transport process. This kind of fractional transport is described by a 
{\it Fractional Fokker-Planck-Kolmogorov} equation (FFPK) of the form:
$\frac{\partial^{\beta} f}{\partial t^{\beta}} = \frac{\partial^{\alpha}}{\partial(-x)^{\alpha}} \left(
\mathcal{A} \; f \right) + \frac{1}{2}\frac{\partial^{2\alpha}}{\partial (-x)^{2\alpha}}\left( \mathcal{B} \; f  \right)$
Taking moments of the FFPK equation will result in a set of hydrodynamic equations containing fractional derivatives 
instead of integer ones. Discretization methods for fractional derivatives are readily available to provide a 
finite-difference form of the equations.
}}

@Article{drean2010,
  author = 	 {V. Drean and M. {Olazabal-Loum\'{e}} and J. Sanz and V.T. Tikhonchuk},
  title = 	 {Dynamics and stability of radiation-driven double ablation front structures},
  journal = 	 {Phys. Plasmas},
  year = 	 {2010},
  volume = 	 {17},
  pages = 	 {122701}
}

@Article{sanz2009,
  author = 	 {J. Sanz and R. Betti and V.A. Smalyuk and M. {Olazabal-Loum\'{e}} and V. Drean and V. Tikhonchuk
                  and X. Ribeyre and J. Feugeas},
  title = 	 {Radiation hydrodynamic theory of double ablation fronts in direct-drive inertial confinement fusion},
  journal = 	 {Phys. Plasmas},
  year = 	 {2009},
  volume = 	 {16},
  pages = 	 {082704}
}
